%YAML 1.1
%TAG !u! tag:unity3d.com,2011:
--- !u!1 &214934239096642430
GameObject:
  m_ObjectHideFlags: 0
  m_CorrespondingSourceObject: {fileID: 0}
  m_PrefabInstance: {fileID: 0}
  m_PrefabAsset: {fileID: 0}
  serializedVersion: 6
  m_Component:
  - component: {fileID: 3275135155137254614}
  m_Layer: 0
  m_Name: hand_l
  m_TagString: Untagged
  m_Icon: {fileID: 0}
  m_NavMeshLayer: 0
  m_StaticEditorFlags: 0
  m_IsActive: 1
--- !u!4 &3275135155137254614
Transform:
  m_ObjectHideFlags: 0
  m_CorrespondingSourceObject: {fileID: 0}
  m_PrefabInstance: {fileID: 0}
  m_PrefabAsset: {fileID: 0}
  m_GameObject: {fileID: 214934239096642430}
  m_LocalRotation: {x: 0.110612586, y: -0.46133742, z: 0.079368785, w: 0.8767173}
  m_LocalPosition: {x: 0.000000048015192, y: 0.50589716, z: 0.000000060208926}
  m_LocalScale: {x: 1, y: 1, z: 1}
  m_Children:
  - {fileID: 4706644404087290919}
  - {fileID: 5993098932435523911}
  - {fileID: 8182772328679851798}
  - {fileID: 1064658945868657502}
  - {fileID: 5097688403220612441}
  m_Father: {fileID: 4010904525043275106}
  m_RootOrder: 0
  m_LocalEulerAnglesHint: {x: 0, y: 0, z: 0}
--- !u!1 &243059280865131570
GameObject:
  m_ObjectHideFlags: 0
  m_CorrespondingSourceObject: {fileID: 0}
  m_PrefabInstance: {fileID: 0}
  m_PrefabAsset: {fileID: 0}
  serializedVersion: 6
  m_Component:
  - component: {fileID: 1412801393176248292}
  m_Layer: 0
  m_Name: middle_02_l
  m_TagString: Untagged
  m_Icon: {fileID: 0}
  m_NavMeshLayer: 0
  m_StaticEditorFlags: 0
  m_IsActive: 1
--- !u!4 &1412801393176248292
Transform:
  m_ObjectHideFlags: 0
  m_CorrespondingSourceObject: {fileID: 0}
  m_PrefabInstance: {fileID: 0}
  m_PrefabAsset: {fileID: 0}
  m_GameObject: {fileID: 243059280865131570}
  m_LocalRotation: {x: 0.067932606, y: -0.0024874976, z: -0.04515934, w: 0.9966642}
  m_LocalPosition: {x: 0.0000000210799, y: 0.066620685, z: -0.000000023461826}
  m_LocalScale: {x: 1, y: 1, z: 1}
  m_Children:
  - {fileID: 1730791418986500588}
  m_Father: {fileID: 5993098932435523911}
  m_RootOrder: 0
  m_LocalEulerAnglesHint: {x: 0, y: 0, z: 0}
--- !u!1 &409030072603720078
GameObject:
  m_ObjectHideFlags: 0
  m_CorrespondingSourceObject: {fileID: 0}
  m_PrefabInstance: {fileID: 0}
  m_PrefabAsset: {fileID: 0}
  serializedVersion: 6
  m_Component:
  - component: {fileID: 490550491116280059}
  m_Layer: 0
  m_Name: index_02_r
  m_TagString: Untagged
  m_Icon: {fileID: 0}
  m_NavMeshLayer: 0
  m_StaticEditorFlags: 0
  m_IsActive: 1
--- !u!4 &490550491116280059
Transform:
  m_ObjectHideFlags: 0
  m_CorrespondingSourceObject: {fileID: 0}
  m_PrefabInstance: {fileID: 0}
  m_PrefabAsset: {fileID: 0}
  m_GameObject: {fileID: 409030072603720078}
  m_LocalRotation: {x: 0.10461304, y: 0.0020653955, z: 0.008956114, w: 0.99447054}
  m_LocalPosition: {x: 0.000000045987278, y: 0.04527588, z: 0.000000060160694}
  m_LocalScale: {x: 1, y: 1, z: 1}
  m_Children:
  - {fileID: 5899166901108447471}
  m_Father: {fileID: 4592949941093357079}
  m_RootOrder: 0
  m_LocalEulerAnglesHint: {x: 0, y: 0, z: 0}
--- !u!1 &490869869313562864
GameObject:
  m_ObjectHideFlags: 0
  m_CorrespondingSourceObject: {fileID: 0}
  m_PrefabInstance: {fileID: 0}
  m_PrefabAsset: {fileID: 0}
  serializedVersion: 6
  m_Component:
  - component: {fileID: 1064658945868657502}
  m_Layer: 0
  m_Name: ring_01_l
  m_TagString: Untagged
  m_Icon: {fileID: 0}
  m_NavMeshLayer: 0
  m_StaticEditorFlags: 0
  m_IsActive: 1
--- !u!4 &1064658945868657502
Transform:
  m_ObjectHideFlags: 0
  m_CorrespondingSourceObject: {fileID: 0}
  m_PrefabInstance: {fileID: 0}
  m_PrefabAsset: {fileID: 0}
  m_GameObject: {fileID: 490869869313562864}
  m_LocalRotation: {x: -0.0020900522, y: -0.36436665, z: 0.21282595, w: 0.9066078}
  m_LocalPosition: {x: -0.023588158, y: 0.1979569, z: -0.06493661}
  m_LocalScale: {x: 1, y: 1, z: 1}
  m_Children:
  - {fileID: 2799987611911615995}
  m_Father: {fileID: 3275135155137254614}
  m_RootOrder: 3
  m_LocalEulerAnglesHint: {x: 0, y: 0, z: 0}
--- !u!1 &635241740809655026
GameObject:
  m_ObjectHideFlags: 0
  m_CorrespondingSourceObject: {fileID: 0}
  m_PrefabInstance: {fileID: 0}
  m_PrefabAsset: {fileID: 0}
  serializedVersion: 6
  m_Component:
  - component: {fileID: 4611348599382982598}
  m_Layer: 0
  m_Name: ball_r
  m_TagString: Untagged
  m_Icon: {fileID: 0}
  m_NavMeshLayer: 0
  m_StaticEditorFlags: 0
  m_IsActive: 1
--- !u!4 &4611348599382982598
Transform:
  m_ObjectHideFlags: 0
  m_CorrespondingSourceObject: {fileID: 0}
  m_PrefabInstance: {fileID: 0}
  m_PrefabAsset: {fileID: 0}
  m_GameObject: {fileID: 635241740809655026}
  m_LocalRotation: {x: -0.3925875, y: -0.021845533, z: 0.009629949, w: 0.91940475}
  m_LocalPosition: {x: 0.031562727, y: 0.37747127, z: -0.04279145}
  m_LocalScale: {x: 1, y: 1, z: 1}
  m_Children:
  - {fileID: 4456209540400879023}
  m_Father: {fileID: 4050733090288355204}
  m_RootOrder: 0
  m_LocalEulerAnglesHint: {x: 0, y: 0, z: 0}
--- !u!1 &1390300479733903597
GameObject:
  m_ObjectHideFlags: 0
  m_CorrespondingSourceObject: {fileID: 0}
  m_PrefabInstance: {fileID: 0}
  m_PrefabAsset: {fileID: 0}
  serializedVersion: 6
  m_Component:
  - component: {fileID: 8989910772641909770}
  m_Layer: 0
  m_Name: thigh_l
  m_TagString: Untagged
  m_Icon: {fileID: 0}
  m_NavMeshLayer: 0
  m_StaticEditorFlags: 0
  m_IsActive: 1
--- !u!4 &8989910772641909770
Transform:
  m_ObjectHideFlags: 0
  m_CorrespondingSourceObject: {fileID: 0}
  m_PrefabInstance: {fileID: 0}
  m_PrefabAsset: {fileID: 0}
  m_GameObject: {fileID: 1390300479733903597}
  m_LocalRotation: {x: 0.97453713, y: -0.040515568, z: 0.20682776, w: 0.07653874}
  m_LocalPosition: {x: -0.1826989, y: -0.02295853, z: -0.02646726}
  m_LocalScale: {x: 1, y: 1, z: 1}
  m_Children:
  - {fileID: 5128505432390691424}
  m_Father: {fileID: 7623537554242723823}
  m_RootOrder: 2
  m_LocalEulerAnglesHint: {x: 0, y: 0, z: 0}
--- !u!1 &1490483826369563688
GameObject:
  m_ObjectHideFlags: 0
  m_CorrespondingSourceObject: {fileID: 0}
  m_PrefabInstance: {fileID: 0}
  m_PrefabAsset: {fileID: 0}
  serializedVersion: 6
  m_Component:
  - component: {fileID: 6270456025492580292}
  m_Layer: 0
  m_Name: pinky_02_r
  m_TagString: Untagged
  m_Icon: {fileID: 0}
  m_NavMeshLayer: 0
  m_StaticEditorFlags: 0
  m_IsActive: 1
--- !u!4 &6270456025492580292
Transform:
  m_ObjectHideFlags: 0
  m_CorrespondingSourceObject: {fileID: 0}
  m_PrefabInstance: {fileID: 0}
  m_PrefabAsset: {fileID: 0}
  m_GameObject: {fileID: 1490483826369563688}
  m_LocalRotation: {x: 0.08200422, y: -0.00054171967, z: 0.016184561, w: 0.99650043}
  m_LocalPosition: {x: -0.000000042984546, y: 0.039346423, z: -0.000000040420076}
  m_LocalScale: {x: 1, y: 1, z: 1}
  m_Children:
  - {fileID: 5841847611677825516}
  m_Father: {fileID: 8006103400239189651}
  m_RootOrder: 0
  m_LocalEulerAnglesHint: {x: 0, y: 0, z: 0}
--- !u!1 &1976650254440103658
GameObject:
  m_ObjectHideFlags: 0
  m_CorrespondingSourceObject: {fileID: 0}
  m_PrefabInstance: {fileID: 0}
  m_PrefabAsset: {fileID: 0}
  serializedVersion: 6
  m_Component:
  - component: {fileID: 2471580537352840985}
  m_Layer: 0
  m_Name: thumb_02_l
  m_TagString: Untagged
  m_Icon: {fileID: 0}
  m_NavMeshLayer: 0
  m_StaticEditorFlags: 0
  m_IsActive: 1
--- !u!4 &2471580537352840985
Transform:
  m_ObjectHideFlags: 0
  m_CorrespondingSourceObject: {fileID: 0}
  m_PrefabInstance: {fileID: 0}
  m_PrefabAsset: {fileID: 0}
  m_GameObject: {fileID: 1976650254440103658}
  m_LocalRotation: {x: 0.06911138, y: 0.014533304, z: 0.13722456, w: 0.98801917}
  m_LocalPosition: {x: 2.1202967e-10, y: 0.06481342, z: 0.000000058770897}
  m_LocalScale: {x: 1, y: 1, z: 1}
  m_Children:
  - {fileID: 4664449932068251580}
  m_Father: {fileID: 5097688403220612441}
  m_RootOrder: 0
  m_LocalEulerAnglesHint: {x: 0, y: 0, z: 0}
--- !u!1 &2108981921371793328
GameObject:
  m_ObjectHideFlags: 0
  m_CorrespondingSourceObject: {fileID: 0}
  m_PrefabInstance: {fileID: 0}
  m_PrefabAsset: {fileID: 0}
  serializedVersion: 6
  m_Component:
  - component: {fileID: 5899166901108447471}
  m_Layer: 0
  m_Name: index_03_r
  m_TagString: Untagged
  m_Icon: {fileID: 0}
  m_NavMeshLayer: 0
  m_StaticEditorFlags: 0
  m_IsActive: 1
--- !u!4 &5899166901108447471
Transform:
  m_ObjectHideFlags: 0
  m_CorrespondingSourceObject: {fileID: 0}
  m_PrefabInstance: {fileID: 0}
  m_PrefabAsset: {fileID: 0}
  m_GameObject: {fileID: 2108981921371793328}
  m_LocalRotation: {x: 0.062694244, y: 0.00005123214, z: 0.009898366, w: 0.9979837}
  m_LocalPosition: {x: 0.000000026470918, y: 0.040641386, z: 0.000000027713194}
  m_LocalScale: {x: 1, y: 1, z: 1}
  m_Children: []
  m_Father: {fileID: 490550491116280059}
  m_RootOrder: 0
  m_LocalEulerAnglesHint: {x: 0, y: 0, z: 0}
--- !u!1 &2153937355964348100
GameObject:
  m_ObjectHideFlags: 0
  m_CorrespondingSourceObject: {fileID: 0}
  m_PrefabInstance: {fileID: 0}
  m_PrefabAsset: {fileID: 0}
  serializedVersion: 6
  m_Component:
  - component: {fileID: 8720973062133979567}
  m_Layer: 0
  m_Name: spine_03
  m_TagString: Untagged
  m_Icon: {fileID: 0}
  m_NavMeshLayer: 0
  m_StaticEditorFlags: 0
  m_IsActive: 1
--- !u!4 &8720973062133979567
Transform:
  m_ObjectHideFlags: 0
  m_CorrespondingSourceObject: {fileID: 0}
  m_PrefabInstance: {fileID: 0}
  m_PrefabAsset: {fileID: 0}
  m_GameObject: {fileID: 2153937355964348100}
  m_LocalRotation: {x: 0.25369906, y: 1.4717157e-10, z: -3.860016e-11, w: 0.96728325}
  m_LocalPosition: {x: 3.245333e-11, y: 0.10454151, z: 0.12877126}
  m_LocalScale: {x: 1, y: 1, z: 1}
  m_Children:
  - {fileID: 3224280595718429475}
  - {fileID: 4963457351197590863}
  - {fileID: 3877331237483860205}
  m_Father: {fileID: 4569395500519378114}
  m_RootOrder: 0
  m_LocalEulerAnglesHint: {x: 0, y: 0, z: 0}
--- !u!1 &2296293612988139974
GameObject:
  m_ObjectHideFlags: 0
  m_CorrespondingSourceObject: {fileID: 0}
  m_PrefabInstance: {fileID: 0}
  m_PrefabAsset: {fileID: 0}
  serializedVersion: 6
  m_Component:
  - component: {fileID: 4664449932068251580}
  m_Layer: 0
  m_Name: thumb_03_l
  m_TagString: Untagged
  m_Icon: {fileID: 0}
  m_NavMeshLayer: 0
  m_StaticEditorFlags: 0
  m_IsActive: 1
--- !u!4 &4664449932068251580
Transform:
  m_ObjectHideFlags: 0
  m_CorrespondingSourceObject: {fileID: 0}
  m_PrefabInstance: {fileID: 0}
  m_PrefabAsset: {fileID: 0}
  m_GameObject: {fileID: 2296293612988139974}
  m_LocalRotation: {x: 0.16208832, y: 0.0056155045, z: 0.03416581, w: 0.9861686}
  m_LocalPosition: {x: -0.000000007953901, y: 0.06904083, z: -0.000000075070226}
  m_LocalScale: {x: 1, y: 1, z: 1}
  m_Children: []
  m_Father: {fileID: 2471580537352840985}
  m_RootOrder: 0
  m_LocalEulerAnglesHint: {x: 0, y: 0, z: 0}
--- !u!1 &2598700674450459929
GameObject:
  m_ObjectHideFlags: 0
  m_CorrespondingSourceObject: {fileID: 0}
  m_PrefabInstance: {fileID: 0}
  m_PrefabAsset: {fileID: 0}
  serializedVersion: 6
  m_Component:
  - component: {fileID: 5127458554766164948}
  m_Layer: 0
  m_Name: Root
  m_TagString: Untagged
  m_Icon: {fileID: 0}
  m_NavMeshLayer: 0
  m_StaticEditorFlags: 0
  m_IsActive: 1
--- !u!4 &5127458554766164948
Transform:
  m_ObjectHideFlags: 0
  m_CorrespondingSourceObject: {fileID: 0}
  m_PrefabInstance: {fileID: 0}
  m_PrefabAsset: {fileID: 0}
  m_GameObject: {fileID: 2598700674450459929}
  m_LocalRotation: {x: 0.5, y: -0.5, z: -0.5, w: 0.5}
  m_LocalPosition: {x: -0, y: 0.0001700177, z: -0.01042265}
  m_LocalScale: {x: 1, y: 1, z: 1}
  m_Children:
  - {fileID: 7623537554242723823}
  m_Father: {fileID: 7990534980867294900}
  m_RootOrder: 0
  m_LocalEulerAnglesHint: {x: 0, y: 0, z: 0}
--- !u!1 &2614861070899635520
GameObject:
  m_ObjectHideFlags: 0
  m_CorrespondingSourceObject: {fileID: 0}
  m_PrefabInstance: {fileID: 0}
  m_PrefabAsset: {fileID: 0}
  serializedVersion: 6
  m_Component:
  - component: {fileID: 4050733090288355204}
  m_Layer: 0
  m_Name: foot_r
  m_TagString: Untagged
  m_Icon: {fileID: 0}
  m_NavMeshLayer: 0
  m_StaticEditorFlags: 0
  m_IsActive: 1
--- !u!4 &4050733090288355204
Transform:
  m_ObjectHideFlags: 0
  m_CorrespondingSourceObject: {fileID: 0}
  m_PrefabInstance: {fileID: 0}
  m_PrefabAsset: {fileID: 0}
  m_GameObject: {fileID: 2614861070899635520}
  m_LocalRotation: {x: -0.19053398, y: -0.0042613554, z: 0.038143452, w: 0.98093003}
  m_LocalPosition: {x: -0.028718656, y: 0.89573795, z: 0.1531265}
  m_LocalScale: {x: 1, y: 1, z: 1}
  m_Children:
  - {fileID: 4611348599382982598}
  m_Father: {fileID: 8456568174334941783}
  m_RootOrder: 0
  m_LocalEulerAnglesHint: {x: 0, y: 0, z: 0}
--- !u!1 &2867398546723532423
GameObject:
  m_ObjectHideFlags: 0
  m_CorrespondingSourceObject: {fileID: 0}
  m_PrefabInstance: {fileID: 0}
  m_PrefabAsset: {fileID: 0}
  serializedVersion: 6
  m_Component:
  - component: {fileID: 5097688403220612441}
  m_Layer: 0
  m_Name: thumb_01_l
  m_TagString: Untagged
  m_Icon: {fileID: 0}
  m_NavMeshLayer: 0
  m_StaticEditorFlags: 0
  m_IsActive: 1
--- !u!4 &5097688403220612441
Transform:
  m_ObjectHideFlags: 0
  m_CorrespondingSourceObject: {fileID: 0}
  m_PrefabInstance: {fileID: 0}
  m_PrefabAsset: {fileID: 0}
  m_GameObject: {fileID: 2867398546723532423}
  m_LocalRotation: {x: -0.19666766, y: 0.75684243, z: 0.41336116, w: -0.4665232}
  m_LocalPosition: {x: 0.032650296, y: 0.085550755, z: 0.032442182}
  m_LocalScale: {x: 1, y: 1, z: 1}
  m_Children:
  - {fileID: 2471580537352840985}
  m_Father: {fileID: 3275135155137254614}
  m_RootOrder: 4
  m_LocalEulerAnglesHint: {x: 0, y: 0, z: 0}
--- !u!1 &2925550212737078666
GameObject:
  m_ObjectHideFlags: 0
  m_CorrespondingSourceObject: {fileID: 0}
  m_PrefabInstance: {fileID: 0}
  m_PrefabAsset: {fileID: 0}
  serializedVersion: 6
  m_Component:
  - component: {fileID: 8386375795221396348}
  m_Layer: 0
  m_Name: index_03_l
  m_TagString: Untagged
  m_Icon: {fileID: 0}
  m_NavMeshLayer: 0
  m_StaticEditorFlags: 0
  m_IsActive: 1
--- !u!4 &8386375795221396348
Transform:
  m_ObjectHideFlags: 0
  m_CorrespondingSourceObject: {fileID: 0}
  m_PrefabInstance: {fileID: 0}
  m_PrefabAsset: {fileID: 0}
  m_GameObject: {fileID: 2925550212737078666}
  m_LocalRotation: {x: 0.06268551, y: -0.000051470277, z: -0.009946405, w: 0.9979838}
  m_LocalPosition: {x: 0.000000062206944, y: 0.040641196, z: -0.00000006537338}
  m_LocalScale: {x: 1, y: 1, z: 1}
  m_Children: []
  m_Father: {fileID: 1885090846078065901}
  m_RootOrder: 0
  m_LocalEulerAnglesHint: {x: 0, y: 0, z: 0}
--- !u!1 &3181279575483904317
GameObject:
  m_ObjectHideFlags: 0
  m_CorrespondingSourceObject: {fileID: 0}
  m_PrefabInstance: {fileID: 0}
  m_PrefabAsset: {fileID: 0}
  serializedVersion: 6
  m_Component:
  - component: {fileID: 8182772328679851798}
  m_Layer: 0
  m_Name: pinky_01_l
  m_TagString: Untagged
  m_Icon: {fileID: 0}
  m_NavMeshLayer: 0
  m_StaticEditorFlags: 0
  m_IsActive: 1
--- !u!4 &8182772328679851798
Transform:
  m_ObjectHideFlags: 0
  m_CorrespondingSourceObject: {fileID: 0}
  m_PrefabInstance: {fileID: 0}
  m_PrefabAsset: {fileID: 0}
  m_GameObject: {fileID: 3181279575483904317}
  m_LocalRotation: {x: 0.0003292491, y: -0.26268208, z: 0.2664726, w: 0.92735666}
  m_LocalPosition: {x: -0.061178856, y: 0.17440085, z: -0.08182239}
  m_LocalScale: {x: 1, y: 1, z: 1}
  m_Children:
  - {fileID: 4965946388698595535}
  m_Father: {fileID: 3275135155137254614}
  m_RootOrder: 2
  m_LocalEulerAnglesHint: {x: 0, y: 0, z: 0}
--- !u!1 &3330306627210647121
GameObject:
  m_ObjectHideFlags: 0
  m_CorrespondingSourceObject: {fileID: 0}
  m_PrefabInstance: {fileID: 0}
  m_PrefabAsset: {fileID: 0}
  serializedVersion: 6
  m_Component:
  - component: {fileID: 7623537554242723823}
  m_Layer: 0
  m_Name: pelvis
  m_TagString: Untagged
  m_Icon: {fileID: 0}
  m_NavMeshLayer: 0
  m_StaticEditorFlags: 0
  m_IsActive: 1
--- !u!4 &7623537554242723823
Transform:
  m_ObjectHideFlags: 0
  m_CorrespondingSourceObject: {fileID: 0}
  m_PrefabInstance: {fileID: 0}
  m_PrefabAsset: {fileID: 0}
  m_GameObject: {fileID: 3330306627210647121}
  m_LocalRotation: {x: 0.5409824, y: -0.4553439, z: -0.5409824, w: -0.4553439}
  m_LocalPosition: {x: -1.5349635, y: 0.03741257, z: 7.796567e-11}
  m_LocalScale: {x: 1, y: 1, z: 1}
  m_Children:
  - {fileID: 4608167203730607442}
  - {fileID: 6793175920228007496}
  - {fileID: 8989910772641909770}
  - {fileID: 3047716739050218502}
  m_Father: {fileID: 5127458554766164948}
  m_RootOrder: 0
  m_LocalEulerAnglesHint: {x: 0, y: 0, z: 0}
--- !u!1 &3334176801861494444
GameObject:
  m_ObjectHideFlags: 0
  m_CorrespondingSourceObject: {fileID: 0}
  m_PrefabInstance: {fileID: 0}
  m_PrefabAsset: {fileID: 0}
  serializedVersion: 6
  m_Component:
  - component: {fileID: 8401478131940699718}
  m_Layer: 0
  m_Name: ring_03_l
  m_TagString: Untagged
  m_Icon: {fileID: 0}
  m_NavMeshLayer: 0
  m_StaticEditorFlags: 0
  m_IsActive: 1
--- !u!4 &8401478131940699718
Transform:
  m_ObjectHideFlags: 0
  m_CorrespondingSourceObject: {fileID: 0}
  m_PrefabInstance: {fileID: 0}
  m_PrefabAsset: {fileID: 0}
  m_GameObject: {fileID: 3334176801861494444}
  m_LocalRotation: {x: 0.06957176, y: -0.00004154179, z: 0.024324547, w: 0.99728036}
  m_LocalPosition: {x: 0.000000041851212, y: 0.05301267, z: -0.00000003925483}
  m_LocalScale: {x: 1, y: 1, z: 1}
  m_Children: []
  m_Father: {fileID: 2799987611911615995}
  m_RootOrder: 0
  m_LocalEulerAnglesHint: {x: 0, y: 0, z: 0}
--- !u!1 &3364193021624984804
GameObject:
  m_ObjectHideFlags: 0
  m_CorrespondingSourceObject: {fileID: 0}
  m_PrefabInstance: {fileID: 0}
  m_PrefabAsset: {fileID: 0}
  serializedVersion: 6
  m_Component:
  - component: {fileID: 8456568174334941783}
  m_Layer: 0
  m_Name: calf_r
  m_TagString: Untagged
  m_Icon: {fileID: 0}
  m_NavMeshLayer: 0
  m_StaticEditorFlags: 0
  m_IsActive: 1
--- !u!4 &8456568174334941783
Transform:
  m_ObjectHideFlags: 0
  m_CorrespondingSourceObject: {fileID: 0}
  m_PrefabInstance: {fileID: 0}
  m_PrefabAsset: {fileID: 0}
  m_GameObject: {fileID: 3364193021624984804}
  m_LocalRotation: {x: 0.26263317, y: 0.25659457, z: -0.050784852, w: 0.92876476}
  m_LocalPosition: {x: 0.000000004672445, y: 0.55486053, z: -0.0000000017257867}
  m_LocalScale: {x: 1, y: 1, z: 1}
  m_Children:
  - {fileID: 4050733090288355204}
  m_Father: {fileID: 3047716739050218502}
  m_RootOrder: 0
  m_LocalEulerAnglesHint: {x: 0, y: 0, z: 0}
--- !u!1 &3409870516252327558
GameObject:
  m_ObjectHideFlags: 0
  m_CorrespondingSourceObject: {fileID: 0}
  m_PrefabInstance: {fileID: 0}
  m_PrefabAsset: {fileID: 0}
  serializedVersion: 6
  m_Component:
  - component: {fileID: 4963457351197590863}
  m_Layer: 0
  m_Name: clavicle_r
  m_TagString: Untagged
  m_Icon: {fileID: 0}
  m_NavMeshLayer: 0
  m_StaticEditorFlags: 0
  m_IsActive: 1
--- !u!4 &4963457351197590863
Transform:
  m_ObjectHideFlags: 0
  m_CorrespondingSourceObject: {fileID: 0}
  m_PrefabInstance: {fileID: 0}
  m_PrefabAsset: {fileID: 0}
  m_GameObject: {fileID: 3409870516252327558}
  m_LocalRotation: {x: -0.015050473, y: 0.04457021, z: -0.7465901, w: 0.66361904}
  m_LocalPosition: {x: 0.0374859, y: 0.35530263, z: 0.083175085}
  m_LocalScale: {x: 1, y: 1, z: 1}
  m_Children:
  - {fileID: 769182934235567546}
  m_Father: {fileID: 8720973062133979567}
  m_RootOrder: 1
  m_LocalEulerAnglesHint: {x: 0, y: 0, z: 0}
--- !u!1 &3441115156475610294
GameObject:
  m_ObjectHideFlags: 0
  m_CorrespondingSourceObject: {fileID: 0}
  m_PrefabInstance: {fileID: 0}
  m_PrefabAsset: {fileID: 0}
  serializedVersion: 6
  m_Component:
  - component: {fileID: 4010904525043275106}
  m_Layer: 0
  m_Name: lowerarm_l
  m_TagString: Untagged
  m_Icon: {fileID: 0}
  m_NavMeshLayer: 0
  m_StaticEditorFlags: 0
  m_IsActive: 1
--- !u!4 &4010904525043275106
Transform:
  m_ObjectHideFlags: 0
  m_CorrespondingSourceObject: {fileID: 0}
  m_PrefabInstance: {fileID: 0}
  m_PrefabAsset: {fileID: 0}
  m_GameObject: {fileID: 3441115156475610294}
  m_LocalRotation: {x: 0.519502, y: 0.028739326, z: 0.056216843, w: 0.85213345}
  m_LocalPosition: {x: -0.00000006490925, y: 0.39848956, z: -0.000000009211376}
  m_LocalScale: {x: 1, y: 1, z: 1}
  m_Children:
  - {fileID: 3275135155137254614}
  m_Father: {fileID: 1534097722031010882}
  m_RootOrder: 0
  m_LocalEulerAnglesHint: {x: 0, y: 0, z: 0}
--- !u!1 &3447067690187163479
GameObject:
  m_ObjectHideFlags: 0
  m_CorrespondingSourceObject: {fileID: 0}
  m_PrefabInstance: {fileID: 0}
  m_PrefabAsset: {fileID: 0}
  serializedVersion: 6
  m_Component:
  - component: {fileID: 8454268388560638770}
  m_Layer: 0
  m_Name: thumb_01_r
  m_TagString: Untagged
  m_Icon: {fileID: 0}
  m_NavMeshLayer: 0
  m_StaticEditorFlags: 0
  m_IsActive: 1
--- !u!4 &8454268388560638770
Transform:
  m_ObjectHideFlags: 0
  m_CorrespondingSourceObject: {fileID: 0}
  m_PrefabInstance: {fileID: 0}
  m_PrefabAsset: {fileID: 0}
  m_GameObject: {fileID: 3447067690187163479}
  m_LocalRotation: {x: 0.19691443, y: 0.75652665, z: 0.4138423, w: 0.46650487}
  m_LocalPosition: {x: -0.032653704, y: 0.08554814, z: 0.03246686}
  m_LocalScale: {x: 1, y: 1, z: 1}
  m_Children:
  - {fileID: 5091887996423341409}
  m_Father: {fileID: 2506096658033239298}
  m_RootOrder: 4
  m_LocalEulerAnglesHint: {x: 0, y: 0, z: 0}
--- !u!1 &3566436675783558758
GameObject:
  m_ObjectHideFlags: 0
  m_CorrespondingSourceObject: {fileID: 0}
  m_PrefabInstance: {fileID: 0}
  m_PrefabAsset: {fileID: 0}
  serializedVersion: 6
  m_Component:
  - component: {fileID: 1499845099204707660}
  - component: {fileID: 1275869031714835065}
  m_Layer: 0
  m_Name: SnarlSounds
  m_TagString: Untagged
  m_Icon: {fileID: 0}
  m_NavMeshLayer: 0
  m_StaticEditorFlags: 0
  m_IsActive: 1
--- !u!4 &1499845099204707660
Transform:
  m_ObjectHideFlags: 0
  m_CorrespondingSourceObject: {fileID: 0}
  m_PrefabInstance: {fileID: 0}
  m_PrefabAsset: {fileID: 0}
  m_GameObject: {fileID: 3566436675783558758}
  m_LocalRotation: {x: 0, y: 0, z: 0, w: 1}
  m_LocalPosition: {x: 0, y: 0, z: 0}
  m_LocalScale: {x: 1, y: 1, z: 1}
  m_Children: []
  m_Father: {fileID: 7990534980867294900}
  m_RootOrder: 3
  m_LocalEulerAnglesHint: {x: 0, y: 0, z: 0}
--- !u!82 &1275869031714835065
AudioSource:
  m_ObjectHideFlags: 0
  m_CorrespondingSourceObject: {fileID: 0}
  m_PrefabInstance: {fileID: 0}
  m_PrefabAsset: {fileID: 0}
  m_GameObject: {fileID: 3566436675783558758}
  m_Enabled: 1
  serializedVersion: 4
  OutputAudioMixerGroup: {fileID: 0}
  m_audioClip: {fileID: 0}
  m_PlayOnAwake: 0
  m_Volume: 0.892
  m_Pitch: 1
  Loop: 0
  Mute: 0
  Spatialize: 0
  SpatializePostEffects: 0
  Priority: 128
  DopplerLevel: 1
  MinDistance: 0.5
  MaxDistance: 20
  Pan2D: 0
  rolloffMode: 2
  BypassEffects: 0
  BypassListenerEffects: 0
  BypassReverbZones: 0
  rolloffCustomCurve:
    serializedVersion: 2
    m_Curve:
    - serializedVersion: 3
      time: 0.025
      value: 1
      inSlope: 0
      outSlope: 0
      tangentMode: 0
      weightedMode: 0
      inWeight: 0
      outWeight: 0
    - serializedVersion: 3
      time: 0.30352816
      value: 0.2698118
      inSlope: -1.5197167
      outSlope: -1.5197167
      tangentMode: 0
      weightedMode: 0
      inWeight: 0.25202057
      outWeight: 0.16325112
    - serializedVersion: 3
      time: 1
      value: 0
      inSlope: -0.25997812
      outSlope: -0.25997812
      tangentMode: 0
      weightedMode: 0
      inWeight: 0.16272496
      outWeight: 0
    m_PreInfinity: 2
    m_PostInfinity: 2
    m_RotationOrder: 4
  panLevelCustomCurve:
    serializedVersion: 2
    m_Curve:
    - serializedVersion: 3
      time: 0
      value: 1
      inSlope: 0
      outSlope: 0
      tangentMode: 0
      weightedMode: 0
      inWeight: 0.33333334
      outWeight: 0.33333334
    m_PreInfinity: 2
    m_PostInfinity: 2
    m_RotationOrder: 4
  spreadCustomCurve:
    serializedVersion: 2
    m_Curve:
    - serializedVersion: 3
      time: 0
      value: 0
      inSlope: 0
      outSlope: 0
      tangentMode: 0
      weightedMode: 0
      inWeight: 0.33333334
      outWeight: 0.33333334
    m_PreInfinity: 2
    m_PostInfinity: 2
    m_RotationOrder: 4
  reverbZoneMixCustomCurve:
    serializedVersion: 2
    m_Curve:
    - serializedVersion: 3
      time: 0
      value: 1
      inSlope: 0
      outSlope: 0
      tangentMode: 0
      weightedMode: 0
      inWeight: 0.33333334
      outWeight: 0.33333334
    m_PreInfinity: 2
    m_PostInfinity: 2
    m_RotationOrder: 4
--- !u!1 &3597324158638939541
GameObject:
  m_ObjectHideFlags: 0
  m_CorrespondingSourceObject: {fileID: 0}
  m_PrefabInstance: {fileID: 0}
  m_PrefabAsset: {fileID: 0}
  serializedVersion: 6
  m_Component:
  - component: {fileID: 2349093425820431390}
  m_Layer: 0
  m_Name: ball_l
  m_TagString: Untagged
  m_Icon: {fileID: 0}
  m_NavMeshLayer: 0
  m_StaticEditorFlags: 0
  m_IsActive: 1
--- !u!4 &2349093425820431390
Transform:
  m_ObjectHideFlags: 0
  m_CorrespondingSourceObject: {fileID: 0}
  m_PrefabInstance: {fileID: 0}
  m_PrefabAsset: {fileID: 0}
  m_GameObject: {fileID: 3597324158638939541}
  m_LocalRotation: {x: -0.69104445, y: 0.015753014, z: 0.0037933174, w: 0.7226306}
  m_LocalPosition: {x: -0.031562645, y: 0.37747133, z: -0.042791467}
  m_LocalScale: {x: 1, y: 1, z: 1}
  m_Children:
  - {fileID: 6596125868247744661}
  m_Father: {fileID: 4364584508994454538}
  m_RootOrder: 0
  m_LocalEulerAnglesHint: {x: 0, y: 0, z: 0}
--- !u!1 &3760868649686662881
GameObject:
  m_ObjectHideFlags: 0
  m_CorrespondingSourceObject: {fileID: 0}
  m_PrefabInstance: {fileID: 0}
  m_PrefabAsset: {fileID: 0}
  serializedVersion: 6
  m_Component:
  - component: {fileID: 6596125868247744661}
  m_Layer: 0
  m_Name: ball_l_1
  m_TagString: Untagged
  m_Icon: {fileID: 0}
  m_NavMeshLayer: 0
  m_StaticEditorFlags: 0
  m_IsActive: 1
--- !u!4 &6596125868247744661
Transform:
  m_ObjectHideFlags: 0
  m_CorrespondingSourceObject: {fileID: 0}
  m_PrefabInstance: {fileID: 0}
  m_PrefabAsset: {fileID: 0}
  m_GameObject: {fileID: 3760868649686662881}
  m_LocalRotation: {x: -2.7105054e-20, y: -1.6940659e-21, z: -4.5918e-41, w: 1}
  m_LocalPosition: {x: -0.0065805693, y: 0.19877408, z: 0.036896262}
  m_LocalScale: {x: 1, y: 1, z: 1}
  m_Children: []
  m_Father: {fileID: 2349093425820431390}
  m_RootOrder: 0
  m_LocalEulerAnglesHint: {x: 0, y: 0, z: 0}
--- !u!1 &3829016900904432953
GameObject:
  m_ObjectHideFlags: 0
  m_CorrespondingSourceObject: {fileID: 0}
  m_PrefabInstance: {fileID: 0}
  m_PrefabAsset: {fileID: 0}
  serializedVersion: 6
  m_Component:
  - component: {fileID: 7796432235109623752}
  m_Layer: 0
  m_Name: spine_01_2
  m_TagString: Untagged
  m_Icon: {fileID: 0}
  m_NavMeshLayer: 0
  m_StaticEditorFlags: 0
  m_IsActive: 1
--- !u!4 &7796432235109623752
Transform:
  m_ObjectHideFlags: 0
  m_CorrespondingSourceObject: {fileID: 0}
  m_PrefabInstance: {fileID: 0}
  m_PrefabAsset: {fileID: 0}
  m_GameObject: {fileID: 3829016900904432953}
  m_LocalRotation: {x: 2.7755576e-17, y: 0, z: 7.70372e-34, w: 1}
  m_LocalPosition: {x: -3.132254e-18, y: -0.302819, z: -0.07440981}
  m_LocalScale: {x: 1, y: 1, z: 1}
  m_Children: []
  m_Father: {fileID: 6793175920228007496}
  m_RootOrder: 0
  m_LocalEulerAnglesHint: {x: 0, y: 0, z: 0}
--- !u!1 &3918713837068231762
GameObject:
  m_ObjectHideFlags: 0
  m_CorrespondingSourceObject: {fileID: 0}
  m_PrefabInstance: {fileID: 0}
  m_PrefabAsset: {fileID: 0}
  serializedVersion: 6
  m_Component:
  - component: {fileID: 3661039971601499235}
  m_Layer: 0
  m_Name: ring_02_r
  m_TagString: Untagged
  m_Icon: {fileID: 0}
  m_NavMeshLayer: 0
  m_StaticEditorFlags: 0
  m_IsActive: 1
--- !u!4 &3661039971601499235
Transform:
  m_ObjectHideFlags: 0
  m_CorrespondingSourceObject: {fileID: 0}
  m_PrefabInstance: {fileID: 0}
  m_PrefabAsset: {fileID: 0}
  m_GameObject: {fileID: 3918713837068231762}
  m_LocalRotation: {x: 0.047476456, y: 0.001171539, z: 0.048428167, w: 0.99769706}
  m_LocalPosition: {x: -0.00000002687752, y: 0.054811668, z: -0.00000003708305}
  m_LocalScale: {x: 1, y: 1, z: 1}
  m_Children:
  - {fileID: 9093642665565680343}
  m_Father: {fileID: 4550900366023337133}
  m_RootOrder: 0
  m_LocalEulerAnglesHint: {x: 0, y: 0, z: 0}
--- !u!1 &4086446274039757113
GameObject:
  m_ObjectHideFlags: 0
  m_CorrespondingSourceObject: {fileID: 0}
  m_PrefabInstance: {fileID: 0}
  m_PrefabAsset: {fileID: 0}
  serializedVersion: 6
  m_Component:
  - component: {fileID: 6091275594413314300}
  m_Layer: 0
  m_Name: lowerJaw
  m_TagString: Untagged
  m_Icon: {fileID: 0}
  m_NavMeshLayer: 0
  m_StaticEditorFlags: 0
  m_IsActive: 1
--- !u!4 &6091275594413314300
Transform:
  m_ObjectHideFlags: 0
  m_CorrespondingSourceObject: {fileID: 0}
  m_PrefabInstance: {fileID: 0}
  m_PrefabAsset: {fileID: 0}
  m_GameObject: {fileID: 4086446274039757113}
  m_LocalRotation: {x: -0.0910253, y: 0.07175574, z: -0.023052342, w: 0.9929925}
  m_LocalPosition: {x: 0.010478594, y: -0.08909523, z: 0.19649862}
  m_LocalScale: {x: 1, y: 1, z: 1}
  m_Children: []
  m_Father: {fileID: 7097821519572415156}
  m_RootOrder: 1
  m_LocalEulerAnglesHint: {x: 0, y: 0, z: 0}
--- !u!1 &4180706427504062763
GameObject:
  m_ObjectHideFlags: 0
  m_CorrespondingSourceObject: {fileID: 0}
  m_PrefabInstance: {fileID: 0}
  m_PrefabAsset: {fileID: 0}
  serializedVersion: 6
  m_Component:
  - component: {fileID: 3877331237483860205}
  m_Layer: 0
  m_Name: neck_01
  m_TagString: Untagged
  m_Icon: {fileID: 0}
  m_NavMeshLayer: 0
  m_StaticEditorFlags: 0
  m_IsActive: 1
--- !u!4 &3877331237483860205
Transform:
  m_ObjectHideFlags: 0
  m_CorrespondingSourceObject: {fileID: 0}
  m_PrefabInstance: {fileID: 0}
  m_PrefabAsset: {fileID: 0}
  m_GameObject: {fileID: 4180706427504062763}
  m_LocalRotation: {x: 0.18917617, y: -0.000000016198344, z: -0.000000003923814, w: 0.9819432}
  m_LocalPosition: {x: 0.0000000022848192, y: 0.47271279, z: 0.03139854}
  m_LocalScale: {x: 1, y: 1, z: 1}
  m_Children:
  - {fileID: 1380385882228509}
  m_Father: {fileID: 8720973062133979567}
  m_RootOrder: 2
  m_LocalEulerAnglesHint: {x: 0, y: 0, z: 0}
--- !u!1 &4317267670570770925
GameObject:
  m_ObjectHideFlags: 0
  m_CorrespondingSourceObject: {fileID: 0}
  m_PrefabInstance: {fileID: 0}
  m_PrefabAsset: {fileID: 0}
  serializedVersion: 6
  m_Component:
  - component: {fileID: 4965946388698595535}
  m_Layer: 0
  m_Name: pinky_02_l
  m_TagString: Untagged
  m_Icon: {fileID: 0}
  m_NavMeshLayer: 0
  m_StaticEditorFlags: 0
  m_IsActive: 1
--- !u!4 &4965946388698595535
Transform:
  m_ObjectHideFlags: 0
  m_CorrespondingSourceObject: {fileID: 0}
  m_PrefabInstance: {fileID: 0}
  m_PrefabAsset: {fileID: 0}
  m_GameObject: {fileID: 4317267670570770925}
  m_LocalRotation: {x: 0.08199775, y: 0.0005386001, z: -0.016217284, w: 0.99650043}
  m_LocalPosition: {x: 0.000000042968555, y: 0.039346423, z: -0.000000040437083}
  m_LocalScale: {x: 1, y: 1, z: 1}
  m_Children:
  - {fileID: 2468374725827856752}
  m_Father: {fileID: 8182772328679851798}
  m_RootOrder: 0
  m_LocalEulerAnglesHint: {x: 0, y: 0, z: 0}
--- !u!1 &4448212381384756084
GameObject:
  m_ObjectHideFlags: 0
  m_CorrespondingSourceObject: {fileID: 0}
  m_PrefabInstance: {fileID: 0}
  m_PrefabAsset: {fileID: 0}
  serializedVersion: 6
  m_Component:
  - component: {fileID: 5012792395408372649}
  - component: {fileID: 7720350609824508066}
  m_Layer: 0
  m_Name: Footsounds
  m_TagString: Untagged
  m_Icon: {fileID: 0}
  m_NavMeshLayer: 0
  m_StaticEditorFlags: 0
  m_IsActive: 1
--- !u!4 &5012792395408372649
Transform:
  m_ObjectHideFlags: 0
  m_CorrespondingSourceObject: {fileID: 0}
  m_PrefabInstance: {fileID: 0}
  m_PrefabAsset: {fileID: 0}
  m_GameObject: {fileID: 4448212381384756084}
  m_LocalRotation: {x: 0, y: 0, z: 0, w: 1}
  m_LocalPosition: {x: 0, y: 0, z: 0}
  m_LocalScale: {x: 1, y: 1, z: 1}
  m_Children: []
  m_Father: {fileID: 7990534980867294900}
  m_RootOrder: 2
  m_LocalEulerAnglesHint: {x: 0, y: 0, z: 0}
--- !u!82 &7720350609824508066
AudioSource:
  m_ObjectHideFlags: 0
  m_CorrespondingSourceObject: {fileID: 0}
  m_PrefabInstance: {fileID: 0}
  m_PrefabAsset: {fileID: 0}
  m_GameObject: {fileID: 4448212381384756084}
  m_Enabled: 1
  serializedVersion: 4
  OutputAudioMixerGroup: {fileID: 0}
  m_audioClip: {fileID: 0}
  m_PlayOnAwake: 0
  m_Volume: 1
  m_Pitch: 1
  Loop: 0
  Mute: 0
  Spatialize: 0
  SpatializePostEffects: 0
  Priority: 128
  DopplerLevel: 1
  MinDistance: 0.5
  MaxDistance: 20
  Pan2D: 0
  rolloffMode: 2
  BypassEffects: 0
  BypassListenerEffects: 0
  BypassReverbZones: 0
  rolloffCustomCurve:
    serializedVersion: 2
    m_Curve:
    - serializedVersion: 3
      time: 0.025
      value: 1
      inSlope: 0
      outSlope: 0
      tangentMode: 0
      weightedMode: 0
      inWeight: 0
      outWeight: 0
    - serializedVersion: 3
      time: 0.30352816
      value: 0.2698118
      inSlope: -1.5197167
      outSlope: -1.5197167
      tangentMode: 0
      weightedMode: 0
      inWeight: 0.25202057
      outWeight: 0.16325112
    - serializedVersion: 3
      time: 1
      value: 0
      inSlope: -0.25997812
      outSlope: -0.25997812
      tangentMode: 0
      weightedMode: 0
      inWeight: 0.16272496
      outWeight: 0
    m_PreInfinity: 2
    m_PostInfinity: 2
    m_RotationOrder: 4
  panLevelCustomCurve:
    serializedVersion: 2
    m_Curve:
    - serializedVersion: 3
      time: 0
      value: 1
      inSlope: 0
      outSlope: 0
      tangentMode: 0
      weightedMode: 0
      inWeight: 0.33333334
      outWeight: 0.33333334
    m_PreInfinity: 2
    m_PostInfinity: 2
    m_RotationOrder: 4
  spreadCustomCurve:
    serializedVersion: 2
    m_Curve:
    - serializedVersion: 3
      time: 0
      value: 0
      inSlope: 0
      outSlope: 0
      tangentMode: 0
      weightedMode: 0
      inWeight: 0.33333334
      outWeight: 0.33333334
    m_PreInfinity: 2
    m_PostInfinity: 2
    m_RotationOrder: 4
  reverbZoneMixCustomCurve:
    serializedVersion: 2
    m_Curve:
    - serializedVersion: 3
      time: 0
      value: 1
      inSlope: 0
      outSlope: 0
      tangentMode: 0
      weightedMode: 0
      inWeight: 0.33333334
      outWeight: 0.33333334
    m_PreInfinity: 2
    m_PostInfinity: 2
    m_RotationOrder: 4
--- !u!1 &4482758575611158100
GameObject:
  m_ObjectHideFlags: 0
  m_CorrespondingSourceObject: {fileID: 0}
  m_PrefabInstance: {fileID: 0}
  m_PrefabAsset: {fileID: 0}
  serializedVersion: 6
  m_Component:
  - component: {fileID: 3224279010484926}
  m_Layer: 0
  m_Name: middle_02_r
  m_TagString: Untagged
  m_Icon: {fileID: 0}
  m_NavMeshLayer: 0
  m_StaticEditorFlags: 0
  m_IsActive: 1
--- !u!4 &3224279010484926
Transform:
  m_ObjectHideFlags: 0
  m_CorrespondingSourceObject: {fileID: 0}
  m_PrefabInstance: {fileID: 0}
  m_PrefabAsset: {fileID: 0}
  m_GameObject: {fileID: 4482758575611158100}
  m_LocalRotation: {x: 0.06796264, y: 0.002483647, z: 0.045114174, w: 0.9966642}
  m_LocalPosition: {x: -0.000000007450839, y: 0.06662069, z: -0.0000000091845465}
  m_LocalScale: {x: 1, y: 1, z: 1}
  m_Children:
  - {fileID: 4545235781001949891}
  m_Father: {fileID: 5858592403886278824}
  m_RootOrder: 0
  m_LocalEulerAnglesHint: {x: 0, y: 0, z: 0}
--- !u!1 &4721117317550929911
GameObject:
  m_ObjectHideFlags: 0
  m_CorrespondingSourceObject: {fileID: 0}
  m_PrefabInstance: {fileID: 0}
  m_PrefabAsset: {fileID: 0}
  serializedVersion: 6
  m_Component:
  - component: {fileID: 5993098932435523911}
  m_Layer: 0
  m_Name: middle_01_l
  m_TagString: Untagged
  m_Icon: {fileID: 0}
  m_NavMeshLayer: 0
  m_StaticEditorFlags: 0
  m_IsActive: 1
--- !u!4 &5993098932435523911
Transform:
  m_ObjectHideFlags: 0
  m_CorrespondingSourceObject: {fileID: 0}
  m_PrefabInstance: {fileID: 0}
  m_PrefabAsset: {fileID: 0}
  m_GameObject: {fileID: 4721117317550929911}
  m_LocalRotation: {x: 0.042464342, y: -0.40599322, z: 0.1331256, w: 0.90313005}
  m_LocalPosition: {x: 0.008897181, y: 0.21613939, z: -0.037282594}
  m_LocalScale: {x: 1, y: 1, z: 1}
  m_Children:
  - {fileID: 1412801393176248292}
  m_Father: {fileID: 3275135155137254614}
  m_RootOrder: 1
  m_LocalEulerAnglesHint: {x: 0, y: 0, z: 0}
--- !u!1 &4789684605356067162
GameObject:
  m_ObjectHideFlags: 0
  m_CorrespondingSourceObject: {fileID: 0}
  m_PrefabInstance: {fileID: 0}
  m_PrefabAsset: {fileID: 0}
  serializedVersion: 6
  m_Component:
  - component: {fileID: 6793175920228007496}
  m_Layer: 0
  m_Name: spine_01_1
  m_TagString: Untagged
  m_Icon: {fileID: 0}
  m_NavMeshLayer: 0
  m_StaticEditorFlags: 0
  m_IsActive: 1
--- !u!4 &6793175920228007496
Transform:
  m_ObjectHideFlags: 0
  m_CorrespondingSourceObject: {fileID: 0}
  m_PrefabInstance: {fileID: 0}
  m_PrefabAsset: {fileID: 0}
  m_GameObject: {fileID: 4789684605356067162}
  m_LocalRotation: {x: 0.18939996, y: -2.2785343e-17, z: 4.3950943e-18, w: 0.98190004}
  m_LocalPosition: {x: 3.35186e-17, y: -0.114978604, z: -0.16268001}
  m_LocalScale: {x: 1, y: 1, z: 1}
  m_Children:
  - {fileID: 7796432235109623752}
  m_Father: {fileID: 7623537554242723823}
  m_RootOrder: 1
  m_LocalEulerAnglesHint: {x: 0, y: 0, z: 0}
--- !u!1 &5058949964779653175
GameObject:
  m_ObjectHideFlags: 0
  m_CorrespondingSourceObject: {fileID: 0}
  m_PrefabInstance: {fileID: 0}
  m_PrefabAsset: {fileID: 0}
  serializedVersion: 6
  m_Component:
  - component: {fileID: 5091887996423341409}
  m_Layer: 0
  m_Name: thumb_02_r
  m_TagString: Untagged
  m_Icon: {fileID: 0}
  m_NavMeshLayer: 0
  m_StaticEditorFlags: 0
  m_IsActive: 1
--- !u!4 &5091887996423341409
Transform:
  m_ObjectHideFlags: 0
  m_CorrespondingSourceObject: {fileID: 0}
  m_PrefabInstance: {fileID: 0}
  m_PrefabAsset: {fileID: 0}
  m_GameObject: {fileID: 5058949964779653175}
  m_LocalRotation: {x: 0.069008574, y: -0.014533477, z: -0.13727605, w: 0.98801917}
  m_LocalPosition: {x: 5.17224e-10, y: 0.06481342, z: 0.000000019609422}
  m_LocalScale: {x: 1, y: 1, z: 1}
  m_Children:
  - {fileID: 5419329548561414530}
  m_Father: {fileID: 8454268388560638770}
  m_RootOrder: 0
  m_LocalEulerAnglesHint: {x: 0, y: 0, z: 0}
--- !u!1 &5099234351450393660
GameObject:
  m_ObjectHideFlags: 0
  m_CorrespondingSourceObject: {fileID: 0}
  m_PrefabInstance: {fileID: 0}
  m_PrefabAsset: {fileID: 0}
  serializedVersion: 6
  m_Component:
  - component: {fileID: 3011928630238367163}
  - component: {fileID: 646893066367022761}
  m_Layer: 0
  m_Name: Wolfman
  m_TagString: Untagged
  m_Icon: {fileID: 0}
  m_NavMeshLayer: 0
  m_StaticEditorFlags: 0
  m_IsActive: 1
--- !u!4 &3011928630238367163
Transform:
  m_ObjectHideFlags: 0
  m_CorrespondingSourceObject: {fileID: 0}
  m_PrefabInstance: {fileID: 0}
  m_PrefabAsset: {fileID: 0}
  m_GameObject: {fileID: 5099234351450393660}
  m_LocalRotation: {x: 0, y: -0, z: -0, w: 1}
  m_LocalPosition: {x: 0.024400871, y: 1.6791949, z: 0.228217}
  m_LocalScale: {x: 1, y: 1, z: 1}
  m_Children: []
  m_Father: {fileID: 7990534980867294900}
  m_RootOrder: 1
  m_LocalEulerAnglesHint: {x: 0, y: 0, z: 0}
--- !u!137 &646893066367022761
SkinnedMeshRenderer:
  m_ObjectHideFlags: 0
  m_CorrespondingSourceObject: {fileID: 0}
  m_PrefabInstance: {fileID: 0}
  m_PrefabAsset: {fileID: 0}
  m_GameObject: {fileID: 5099234351450393660}
  m_Enabled: 1
  m_CastShadows: 1
  m_ReceiveShadows: 1
  m_DynamicOccludee: 1
  m_MotionVectors: 1
  m_LightProbeUsage: 1
  m_ReflectionProbeUsage: 1
  m_RenderingLayerMask: 1
  m_RendererPriority: 0
  m_Materials:
  - {fileID: 2100000, guid: 05e9d7eb58301334189ce182e6d3a07f, type: 2}
  - {fileID: 2100000, guid: 5a62e3a7f84de0046b9fd6623f58ecdf, type: 2}
  m_StaticBatchInfo:
    firstSubMesh: 0
    subMeshCount: 0
  m_StaticBatchRoot: {fileID: 0}
  m_ProbeAnchor: {fileID: 0}
  m_LightProbeVolumeOverride: {fileID: 0}
  m_ScaleInLightmap: 1
  m_PreserveUVs: 0
  m_IgnoreNormalsForChartDetection: 0
  m_ImportantGI: 0
  m_StitchLightmapSeams: 1
  m_SelectedEditorRenderState: 3
  m_MinimumChartSize: 4
  m_AutoUVMaxDistance: 0.5
  m_AutoUVMaxAngle: 89
  m_LightmapParameters: {fileID: 0}
  m_SortingLayerID: 0
  m_SortingLayer: 0
  m_SortingOrder: 0
  serializedVersion: 2
  m_Quality: 0
  m_UpdateWhenOffscreen: 0
  m_SkinnedMotionVectors: 1
  m_Mesh: {fileID: -7917231695478060919, guid: 58716b58e11d69841aa13b286dac15ff, type: 3}
  m_Bones:
  - {fileID: 5127458554766164948}
  - {fileID: 7623537554242723823}
  - {fileID: 4608167203730607442}
  - {fileID: 4569395500519378114}
  - {fileID: 8720973062133979567}
  - {fileID: 3224280595718429475}
  - {fileID: 1534097722031010882}
  - {fileID: 4010904525043275106}
  - {fileID: 3275135155137254614}
  - {fileID: 4706644404087290919}
  - {fileID: 1885090846078065901}
  - {fileID: 8386375795221396348}
  - {fileID: 5993098932435523911}
  - {fileID: 1412801393176248292}
  - {fileID: 1730791418986500588}
  - {fileID: 8182772328679851798}
  - {fileID: 4965946388698595535}
  - {fileID: 2468374725827856752}
  - {fileID: 1064658945868657502}
  - {fileID: 2799987611911615995}
  - {fileID: 8401478131940699718}
  - {fileID: 5097688403220612441}
  - {fileID: 2471580537352840985}
  - {fileID: 4664449932068251580}
  - {fileID: 4963457351197590863}
  - {fileID: 769182934235567546}
  - {fileID: 7539089818361721391}
  - {fileID: 2506096658033239298}
  - {fileID: 4592949941093357079}
  - {fileID: 490550491116280059}
  - {fileID: 5899166901108447471}
  - {fileID: 5858592403886278824}
  - {fileID: 3224279010484926}
  - {fileID: 4545235781001949891}
  - {fileID: 8006103400239189651}
  - {fileID: 6270456025492580292}
  - {fileID: 5841847611677825516}
  - {fileID: 4550900366023337133}
  - {fileID: 3661039971601499235}
  - {fileID: 9093642665565680343}
  - {fileID: 8454268388560638770}
  - {fileID: 5091887996423341409}
  - {fileID: 5419329548561414530}
  - {fileID: 3877331237483860205}
  - {fileID: 1380385882228509}
  - {fileID: 781987940078232193}
  - {fileID: 7097821519572415156}
  - {fileID: 3490689667581689041}
  - {fileID: 6091275594413314300}
  - {fileID: 761283788190480159}
  - {fileID: 6793175920228007496}
  - {fileID: 7796432235109623752}
  - {fileID: 8989910772641909770}
  - {fileID: 5128505432390691424}
  - {fileID: 4364584508994454538}
  - {fileID: 2349093425820431390}
  - {fileID: 6596125868247744661}
  - {fileID: 3047716739050218502}
  - {fileID: 8456568174334941783}
  - {fileID: 4050733090288355204}
  - {fileID: 4611348599382982598}
  - {fileID: 4456209540400879023}
  m_BlendShapeWeights: []
  m_RootBone: {fileID: 5127458554766164948}
  m_AABB:
    m_Center: {x: -1.2993166, y: 0.28478777, z: -0.006712854}
    m_Extent: {x: 1.4527595, y: 0.99577343, z: 0.9662078}
  m_DirtyAABB: 0
--- !u!1 &5111202880273806909
GameObject:
  m_ObjectHideFlags: 0
  m_CorrespondingSourceObject: {fileID: 0}
  m_PrefabInstance: {fileID: 0}
  m_PrefabAsset: {fileID: 0}
  serializedVersion: 6
  m_Component:
  - component: {fileID: 2799987611911615995}
  m_Layer: 0
  m_Name: ring_02_l
  m_TagString: Untagged
  m_Icon: {fileID: 0}
  m_NavMeshLayer: 0
  m_StaticEditorFlags: 0
  m_IsActive: 1
--- !u!4 &2799987611911615995
Transform:
  m_ObjectHideFlags: 0
  m_CorrespondingSourceObject: {fileID: 0}
  m_PrefabInstance: {fileID: 0}
  m_PrefabAsset: {fileID: 0}
  m_GameObject: {fileID: 5111202880273806909}
  m_LocalRotation: {x: 0.047446754, y: -0.0011741219, z: -0.04845728, w: 0.997697}
  m_LocalPosition: {x: -0.000000029893172, y: 0.054811794, z: 0.00000004173738}
  m_LocalScale: {x: 1, y: 1, z: 1}
  m_Children:
  - {fileID: 8401478131940699718}
  m_Father: {fileID: 1064658945868657502}
  m_RootOrder: 0
  m_LocalEulerAnglesHint: {x: 0, y: 0, z: 0}
--- !u!1 &5122251907429025953
GameObject:
  m_ObjectHideFlags: 0
  m_CorrespondingSourceObject: {fileID: 0}
  m_PrefabInstance: {fileID: 0}
  m_PrefabAsset: {fileID: 0}
  serializedVersion: 6
  m_Component:
  - component: {fileID: 8006103400239189651}
  m_Layer: 0
  m_Name: pinky_01_r
  m_TagString: Untagged
  m_Icon: {fileID: 0}
  m_NavMeshLayer: 0
  m_StaticEditorFlags: 0
  m_IsActive: 1
--- !u!4 &8006103400239189651
Transform:
  m_ObjectHideFlags: 0
  m_CorrespondingSourceObject: {fileID: 0}
  m_PrefabInstance: {fileID: 0}
  m_PrefabAsset: {fileID: 0}
  m_GameObject: {fileID: 5122251907429025953}
  m_LocalRotation: {x: 0.00071623106, y: 0.26273695, z: -0.2660557, w: 0.9274606}
  m_LocalPosition: {x: 0.06110415, y: 0.17458439, z: -0.08171131}
  m_LocalScale: {x: 1, y: 1, z: 1}
  m_Children:
  - {fileID: 6270456025492580292}
  m_Father: {fileID: 2506096658033239298}
  m_RootOrder: 2
  m_LocalEulerAnglesHint: {x: 0, y: 0, z: 0}
--- !u!1 &5212427945076383933
GameObject:
  m_ObjectHideFlags: 0
  m_CorrespondingSourceObject: {fileID: 0}
  m_PrefabInstance: {fileID: 0}
  m_PrefabAsset: {fileID: 0}
  serializedVersion: 6
  m_Component:
  - component: {fileID: 4569395500519378114}
  m_Layer: 0
  m_Name: spine_02
  m_TagString: Untagged
  m_Icon: {fileID: 0}
  m_NavMeshLayer: 0
  m_StaticEditorFlags: 0
  m_IsActive: 1
--- !u!4 &4569395500519378114
Transform:
  m_ObjectHideFlags: 0
  m_CorrespondingSourceObject: {fileID: 0}
  m_PrefabInstance: {fileID: 0}
  m_PrefabAsset: {fileID: 0}
  m_GameObject: {fileID: 5212427945076383933}
  m_LocalRotation: {x: -0.18582109, y: -1.66818e-10, z: -3.154775e-11, w: 0.9825836}
  m_LocalPosition: {x: -2.638478e-17, y: 0.10228404, z: -0.0000000030537648}
  m_LocalScale: {x: 1, y: 1, z: 1}
  m_Children:
  - {fileID: 8720973062133979567}
  m_Father: {fileID: 4608167203730607442}
  m_RootOrder: 0
  m_LocalEulerAnglesHint: {x: 0, y: 0, z: 0}
--- !u!1 &5221238716114693707
GameObject:
  m_ObjectHideFlags: 0
  m_CorrespondingSourceObject: {fileID: 0}
  m_PrefabInstance: {fileID: 0}
  m_PrefabAsset: {fileID: 0}
  serializedVersion: 6
  m_Component:
  - component: {fileID: 1380385882228509}
  m_Layer: 0
  m_Name: head
  m_TagString: Untagged
  m_Icon: {fileID: 0}
  m_NavMeshLayer: 0
  m_StaticEditorFlags: 0
  m_IsActive: 1
--- !u!4 &1380385882228509
Transform:
  m_ObjectHideFlags: 0
  m_CorrespondingSourceObject: {fileID: 0}
  m_PrefabInstance: {fileID: 0}
  m_PrefabAsset: {fileID: 0}
  m_GameObject: {fileID: 5221238716114693707}
  m_LocalRotation: {x: -0.24943458, y: 0.000000018326123, z: 0.0000000047203716, w: 0.96839166}
  m_LocalPosition: {x: 0.000000004829582, y: 0.16679409, z: 0.12578738}
  m_LocalScale: {x: 1, y: 1, z: 1}
  m_Children:
  - {fileID: 7097821519572415156}
  - {fileID: 781987940078232193}
  m_Father: {fileID: 3877331237483860205}
  m_RootOrder: 0
  m_LocalEulerAnglesHint: {x: 0, y: 0, z: 0}
--- !u!1 &5250802191183034510
GameObject:
  m_ObjectHideFlags: 0
  m_CorrespondingSourceObject: {fileID: 0}
  m_PrefabInstance: {fileID: 0}
  m_PrefabAsset: {fileID: 0}
  serializedVersion: 6
  m_Component:
  - component: {fileID: 4545235781001949891}
  m_Layer: 0
  m_Name: middle_03_r
  m_TagString: Untagged
  m_Icon: {fileID: 0}
  m_NavMeshLayer: 0
  m_StaticEditorFlags: 0
  m_IsActive: 1
--- !u!4 &4545235781001949891
Transform:
  m_ObjectHideFlags: 0
  m_CorrespondingSourceObject: {fileID: 0}
  m_PrefabInstance: {fileID: 0}
  m_PrefabAsset: {fileID: 0}
  m_GameObject: {fileID: 5250802191183034510}
  m_LocalRotation: {x: 0.041731726, y: 0.0000012320903, z: -0.008727583, w: 0.99909073}
  m_LocalPosition: {x: 0.000000027848294, y: 0.04842394, z: 0.000000022577684}
  m_LocalScale: {x: 1, y: 1, z: 1}
  m_Children: []
  m_Father: {fileID: 3224279010484926}
  m_RootOrder: 0
  m_LocalEulerAnglesHint: {x: 0, y: 0, z: 0}
--- !u!1 &5357089073766127019
GameObject:
  m_ObjectHideFlags: 0
  m_CorrespondingSourceObject: {fileID: 0}
  m_PrefabInstance: {fileID: 0}
  m_PrefabAsset: {fileID: 0}
  serializedVersion: 6
  m_Component:
  - component: {fileID: 781987940078232193}
  m_Layer: 0
  m_Name: head_2
  m_TagString: Untagged
  m_Icon: {fileID: 0}
  m_NavMeshLayer: 0
  m_StaticEditorFlags: 0
  m_IsActive: 1
--- !u!4 &781987940078232193
Transform:
  m_ObjectHideFlags: 0
  m_CorrespondingSourceObject: {fileID: 0}
  m_PrefabInstance: {fileID: 0}
  m_PrefabAsset: {fileID: 0}
  m_GameObject: {fileID: 5357089073766127019}
  m_LocalRotation: {x: 1.1293e-41, y: 1.09214906e-16, z: -1.0339758e-25, w: 1}
  m_LocalPosition: {x: 2.072183e-17, y: -0.10827591, z: 0.21726093}
  m_LocalScale: {x: 1, y: 1, z: 1}
  m_Children: []
  m_Father: {fileID: 1380385882228509}
  m_RootOrder: 1
  m_LocalEulerAnglesHint: {x: 0, y: 0, z: 0}
--- !u!1 &5486472697870518127
GameObject:
  m_ObjectHideFlags: 0
  m_CorrespondingSourceObject: {fileID: 0}
  m_PrefabInstance: {fileID: 0}
  m_PrefabAsset: {fileID: 0}
  serializedVersion: 6
  m_Component:
  - component: {fileID: 761283788190480159}
  m_Layer: 0
  m_Name: upperjaw
  m_TagString: Untagged
  m_Icon: {fileID: 0}
  m_NavMeshLayer: 0
  m_StaticEditorFlags: 0
  m_IsActive: 1
--- !u!4 &761283788190480159
Transform:
  m_ObjectHideFlags: 0
  m_CorrespondingSourceObject: {fileID: 0}
  m_PrefabInstance: {fileID: 0}
  m_PrefabAsset: {fileID: 0}
  m_GameObject: {fileID: 5486472697870518127}
  m_LocalRotation: {x: -8.326673e-17, y: 1.092149e-16, z: -1.7577588e-24, w: 1}
  m_LocalPosition: {x: 1.1180834e-23, y: 0.001790545, z: 0.26069883}
  m_LocalScale: {x: 1, y: 1, z: 1}
  m_Children: []
  m_Father: {fileID: 7097821519572415156}
  m_RootOrder: 2
  m_LocalEulerAnglesHint: {x: 0, y: 0, z: 0}
--- !u!1 &5508471154543260910
GameObject:
  m_ObjectHideFlags: 0
  m_CorrespondingSourceObject: {fileID: 0}
  m_PrefabInstance: {fileID: 0}
  m_PrefabAsset: {fileID: 0}
  serializedVersion: 6
  m_Component:
  - component: {fileID: 4706644404087290919}
  m_Layer: 0
  m_Name: index_01_l
  m_TagString: Untagged
  m_Icon: {fileID: 0}
  m_NavMeshLayer: 0
  m_StaticEditorFlags: 0
  m_IsActive: 1
--- !u!4 &4706644404087290919
Transform:
  m_ObjectHideFlags: 0
  m_CorrespondingSourceObject: {fileID: 0}
  m_PrefabInstance: {fileID: 0}
  m_PrefabAsset: {fileID: 0}
  m_GameObject: {fileID: 5508471154543260910}
  m_LocalRotation: {x: 0.065631844, y: -0.4865689, z: -0.02216366, w: 0.8708915}
  m_LocalPosition: {x: 0.0458351, y: 0.22514232, z: 0.007992652}
  m_LocalScale: {x: 1, y: 1, z: 1}
  m_Children:
  - {fileID: 1885090846078065901}
  m_Father: {fileID: 3275135155137254614}
  m_RootOrder: 0
  m_LocalEulerAnglesHint: {x: 0, y: 0, z: 0}
--- !u!1 &5783427340144083892
GameObject:
  m_ObjectHideFlags: 0
  m_CorrespondingSourceObject: {fileID: 0}
  m_PrefabInstance: {fileID: 0}
  m_PrefabAsset: {fileID: 0}
  serializedVersion: 6
  m_Component:
  - component: {fileID: 1534097722031010882}
  m_Layer: 0
  m_Name: upperarm_l
  m_TagString: Untagged
  m_Icon: {fileID: 0}
  m_NavMeshLayer: 0
  m_StaticEditorFlags: 0
  m_IsActive: 1
--- !u!4 &1534097722031010882
Transform:
  m_ObjectHideFlags: 0
  m_CorrespondingSourceObject: {fileID: 0}
  m_PrefabInstance: {fileID: 0}
  m_PrefabAsset: {fileID: 0}
  m_GameObject: {fileID: 5783427340144083892}
  m_LocalRotation: {x: 0.16170566, y: 0.09254056, z: 0.3354466, w: 0.9234518}
  m_LocalPosition: {x: 6.934551e-10, y: 0.3150748, z: 0.0000000013806358}
  m_LocalScale: {x: 1, y: 1, z: 1}
  m_Children:
  - {fileID: 4010904525043275106}
  m_Father: {fileID: 3224280595718429475}
  m_RootOrder: 0
  m_LocalEulerAnglesHint: {x: 0, y: 0, z: 0}
--- !u!1 &5856056350688117503
GameObject:
  m_ObjectHideFlags: 0
  m_CorrespondingSourceObject: {fileID: 0}
  m_PrefabInstance: {fileID: 0}
  m_PrefabAsset: {fileID: 0}
  serializedVersion: 6
  m_Component:
  - component: {fileID: 5858592403886278824}
  m_Layer: 0
  m_Name: middle_01_r
  m_TagString: Untagged
  m_Icon: {fileID: 0}
  m_NavMeshLayer: 0
  m_StaticEditorFlags: 0
  m_IsActive: 1
--- !u!4 &5858592403886278824
Transform:
  m_ObjectHideFlags: 0
  m_CorrespondingSourceObject: {fileID: 0}
  m_PrefabInstance: {fileID: 0}
  m_PrefabAsset: {fileID: 0}
  m_GameObject: {fileID: 5856056350688117503}
  m_LocalRotation: {x: 0.042817175, y: 0.40586576, z: -0.1326501, w: 0.9032406}
  m_LocalPosition: {x: -0.008987634, y: 0.2162312, z: -0.037110463}
  m_LocalScale: {x: 1, y: 1, z: 1}
  m_Children:
  - {fileID: 3224279010484926}
  m_Father: {fileID: 2506096658033239298}
  m_RootOrder: 1
  m_LocalEulerAnglesHint: {x: 0, y: 0, z: 0}
--- !u!1 &5910703306773169198
GameObject:
  m_ObjectHideFlags: 0
  m_CorrespondingSourceObject: {fileID: 0}
  m_PrefabInstance: {fileID: 0}
  m_PrefabAsset: {fileID: 0}
  serializedVersion: 6
  m_Component:
  - component: {fileID: 769182934235567546}
  m_Layer: 0
  m_Name: upperarm_r
  m_TagString: Untagged
  m_Icon: {fileID: 0}
  m_NavMeshLayer: 0
  m_StaticEditorFlags: 0
  m_IsActive: 1
--- !u!4 &769182934235567546
Transform:
  m_ObjectHideFlags: 0
  m_CorrespondingSourceObject: {fileID: 0}
  m_PrefabInstance: {fileID: 0}
  m_PrefabAsset: {fileID: 0}
  m_GameObject: {fileID: 5910703306773169198}
  m_LocalRotation: {x: -0.0125843035, y: -0.16789055, z: -0.45934063, w: 0.8721586}
  m_LocalPosition: {x: -6.938019e-10, y: 0.3150748, z: 0.0000000013804613}
  m_LocalScale: {x: 1, y: 1, z: 1}
  m_Children:
  - {fileID: 7539089818361721391}
  m_Father: {fileID: 4963457351197590863}
  m_RootOrder: 0
  m_LocalEulerAnglesHint: {x: 0, y: 0, z: 0}
--- !u!1 &6002711573660981141
GameObject:
  m_ObjectHideFlags: 0
  m_CorrespondingSourceObject: {fileID: 0}
  m_PrefabInstance: {fileID: 0}
  m_PrefabAsset: {fileID: 0}
  serializedVersion: 6
  m_Component:
  - component: {fileID: 5419329548561414530}
  m_Layer: 0
  m_Name: thumb_03_r
  m_TagString: Untagged
  m_Icon: {fileID: 0}
  m_NavMeshLayer: 0
  m_StaticEditorFlags: 0
  m_IsActive: 1
--- !u!4 &5419329548561414530
Transform:
  m_ObjectHideFlags: 0
  m_CorrespondingSourceObject: {fileID: 0}
  m_PrefabInstance: {fileID: 0}
  m_PrefabAsset: {fileID: 0}
  m_GameObject: {fileID: 6002711573660981141}
  m_LocalRotation: {x: 0.16206253, y: -0.005635054, z: -0.03428988, w: 0.98616844}
  m_LocalPosition: {x: 0.0000000063230456, y: 0.06904083, z: -0.000000056168002}
  m_LocalScale: {x: 1, y: 1, z: 1}
  m_Children: []
  m_Father: {fileID: 5091887996423341409}
  m_RootOrder: 0
  m_LocalEulerAnglesHint: {x: 0, y: 0, z: 0}
--- !u!1 &6050020349255728321
GameObject:
  m_ObjectHideFlags: 0
  m_CorrespondingSourceObject: {fileID: 0}
  m_PrefabInstance: {fileID: 0}
  m_PrefabAsset: {fileID: 0}
  serializedVersion: 6
  m_Component:
  - component: {fileID: 3047716739050218502}
  m_Layer: 0
  m_Name: thigh_r
  m_TagString: Untagged
  m_Icon: {fileID: 0}
  m_NavMeshLayer: 0
  m_StaticEditorFlags: 0
  m_IsActive: 1
--- !u!4 &3047716739050218502
Transform:
  m_ObjectHideFlags: 0
  m_CorrespondingSourceObject: {fileID: 0}
  m_PrefabInstance: {fileID: 0}
  m_PrefabAsset: {fileID: 0}
  m_GameObject: {fileID: 6050020349255728321}
  m_LocalRotation: {x: 0.9049741, y: -0.039244708, z: -0.20448469, w: 0.3710362}
  m_LocalPosition: {x: 0.1826989, y: -0.022958526, z: -0.02646726}
  m_LocalScale: {x: 1, y: 1, z: 1}
  m_Children:
  - {fileID: 8456568174334941783}
  m_Father: {fileID: 7623537554242723823}
  m_RootOrder: 3
  m_LocalEulerAnglesHint: {x: 0, y: 0, z: 0}
--- !u!1 &6076301987958172490
GameObject:
  m_ObjectHideFlags: 0
  m_CorrespondingSourceObject: {fileID: 0}
  m_PrefabInstance: {fileID: 0}
  m_PrefabAsset: {fileID: 0}
  serializedVersion: 6
  m_Component:
  - component: {fileID: 4608167203730607442}
  m_Layer: 0
  m_Name: spine_01
  m_TagString: Untagged
  m_Icon: {fileID: 0}
  m_NavMeshLayer: 0
  m_StaticEditorFlags: 0
  m_IsActive: 1
--- !u!4 &4608167203730607442
Transform:
  m_ObjectHideFlags: 0
  m_CorrespondingSourceObject: {fileID: 0}
  m_PrefabInstance: {fileID: 0}
  m_PrefabAsset: {fileID: 0}
  m_GameObject: {fileID: 6076301987958172490}
  m_LocalRotation: {x: 0.22215047, y: -2.2768706e-17, z: 5.187707e-18, w: 0.9750124}
  m_LocalPosition: {x: 2.5920722e-17, y: 0.1444703, z: -0.000000029429664}
  m_LocalScale: {x: 1, y: 1, z: 1}
  m_Children:
  - {fileID: 4569395500519378114}
  m_Father: {fileID: 7623537554242723823}
  m_RootOrder: 0
  m_LocalEulerAnglesHint: {x: 0, y: 0, z: 0}
--- !u!1 &6394914530853090471
GameObject:
  m_ObjectHideFlags: 0
  m_CorrespondingSourceObject: {fileID: 0}
  m_PrefabInstance: {fileID: 0}
  m_PrefabAsset: {fileID: 0}
  serializedVersion: 6
  m_Component:
  - component: {fileID: 7990534980867294900}
  - component: {fileID: 30987515099425742}
  - component: {fileID: 2360333814479965483}
  - component: {fileID: 633238219213419353}
  - component: {fileID: 5776689203374988365}
  - component: {fileID: 1335323409562817302}
  - component: {fileID: 1880169712607232676}
  - component: {fileID: 897261305262710727}
  - component: {fileID: 7128776728599297673}
  - component: {fileID: -3659546562063990356}
  - component: {fileID: 5346810362364279680}
  m_Layer: 0
  m_Name: wolfman
  m_TagString: Untagged
  m_Icon: {fileID: 0}
  m_NavMeshLayer: 0
  m_StaticEditorFlags: 0
  m_IsActive: 1
--- !u!4 &7990534980867294900
Transform:
  m_ObjectHideFlags: 0
  m_CorrespondingSourceObject: {fileID: 0}
  m_PrefabInstance: {fileID: 0}
  m_PrefabAsset: {fileID: 0}
  m_GameObject: {fileID: 6394914530853090471}
  m_LocalRotation: {x: 0, y: 0, z: 0, w: 1}
  m_LocalPosition: {x: 13, y: 0.7735357, z: 14.22}
  m_LocalScale: {x: 0.75, y: 0.75, z: 0.75}
  m_Children:
  - {fileID: 5127458554766164948}
  - {fileID: 3011928630238367163}
  - {fileID: 5012792395408372649}
  - {fileID: 1499845099204707660}
  m_Father: {fileID: 0}
  m_RootOrder: 0
  m_LocalEulerAnglesHint: {x: 0, y: 0, z: 0}
--- !u!95 &30987515099425742
Animator:
  serializedVersion: 3
  m_ObjectHideFlags: 0
  m_CorrespondingSourceObject: {fileID: 0}
  m_PrefabInstance: {fileID: 0}
  m_PrefabAsset: {fileID: 0}
  m_GameObject: {fileID: 6394914530853090471}
  m_Enabled: 1
  m_Avatar: {fileID: 9000000, guid: 58716b58e11d69841aa13b286dac15ff, type: 3}
  m_Controller: {fileID: 9100000, guid: 897da3cbc6a070848862def5afd9302f, type: 2}
  m_CullingMode: 1
  m_UpdateMode: 0
  m_ApplyRootMotion: 0
  m_LinearVelocityBlending: 0
  m_WarningMessage: 
  m_HasTransformHierarchy: 1
  m_AllowConstantClipSamplingOptimization: 1
  m_KeepAnimatorControllerStateOnDisable: 0
--- !u!195 &2360333814479965483
NavMeshAgent:
  m_ObjectHideFlags: 0
  m_CorrespondingSourceObject: {fileID: 0}
  m_PrefabInstance: {fileID: 0}
  m_PrefabAsset: {fileID: 0}
  m_GameObject: {fileID: 6394914530853090471}
  m_Enabled: 1
  m_AgentTypeID: 0
  m_Radius: 0.75
  m_Speed: 6
  m_Acceleration: 8
  avoidancePriority: 50
  m_AngularSpeed: 100
  m_StoppingDistance: 0.5
  m_AutoTraverseOffMeshLink: 1
  m_AutoBraking: 1
  m_AutoRepath: 1
  m_Height: 2.64
  m_BaseOffset: 0
  m_WalkableMask: 4294967295
  m_ObstacleAvoidanceType: 4
--- !u!114 &633238219213419353
MonoBehaviour:
  m_ObjectHideFlags: 0
  m_CorrespondingSourceObject: {fileID: 0}
  m_PrefabInstance: {fileID: 0}
  m_PrefabAsset: {fileID: 0}
  m_GameObject: {fileID: 6394914530853090471}
  m_Enabled: 1
  m_EditorHideFlags: 0
  m_Script: {fileID: 11500000, guid: 9d3f3195f82a6bb4aaf397143be933d9, type: 3}
  m_Name: 
  m_EditorClassIdentifier: 
--- !u!114 &5776689203374988365
MonoBehaviour:
  m_ObjectHideFlags: 0
  m_CorrespondingSourceObject: {fileID: 0}
  m_PrefabInstance: {fileID: 0}
  m_PrefabAsset: {fileID: 0}
  m_GameObject: {fileID: 6394914530853090471}
  m_Enabled: 1
  m_EditorHideFlags: 0
  m_Script: {fileID: 11500000, guid: 904463e8a7dde1e4d817ad74203a2b51, type: 3}
  m_Name: 
  m_EditorClassIdentifier: 
  settings: {fileID: 11400000, guid: 2a9b58aabf63ba1449dce9201f8c7a4f, type: 2}
  snarls:
  - {fileID: 8300000, guid: 527247a5d7c253b42aeee6d07dfdd406, type: 3}
  - {fileID: 8300000, guid: e73008f3aa31b8242b8d243aebeb8e00, type: 3}
  - {fileID: 8300000, guid: 0748913a2c5ba5847b27e5e28e196edd, type: 3}
  - {fileID: 8300000, guid: 8b7ec34b1a7d1df45be22eabf81bb9e2, type: 3}
  snarlSource: {fileID: 1275869031714835065}
  timeBetweenSnarls: {x: 2, y: 5}
  steps:
  - {fileID: 8300000, guid: ca1e1a4489ced2948a6bd47c8783c1d5, type: 3}
  - {fileID: 8300000, guid: c56112a22c079694ca7e1c6514cc5d05, type: 3}
  - {fileID: 8300000, guid: cd88606793856b94687f6db0de324a8f, type: 3}
  footSource: {fileID: 7720350609824508066}
  spottedRoar: {fileID: 8300000, guid: a9ef9677f13120c44a0a3ac89b8f0e4b, type: 3}
  forceAttack: 0
  playerScanner:
    heightOffset: 0
    detectionRadius: 15
    detectionAngle: 270
    maxHeightDifference: 1
    viewBlockerLayerMask:
      serializedVersion: 2
      m_Bits: 0
--- !u!114 &1335323409562817302
MonoBehaviour:
  m_ObjectHideFlags: 0
  m_CorrespondingSourceObject: {fileID: 0}
  m_PrefabInstance: {fileID: 0}
  m_PrefabAsset: {fileID: 0}
  m_GameObject: {fileID: 6394914530853090471}
  m_Enabled: 1
  m_EditorHideFlags: 0
  m_Script: {fileID: 11500000, guid: a751161f8538cfc4e8063a371188a82c, type: 3}
  m_Name: 
  m_EditorClassIdentifier: 
  head: {fileID: 1380385882228509}
  lookAtTargetPosition: {x: 0, y: 0, z: 0}
  lookAtCoolTime: 0.2
  lookAtHeatTime: 0.2
  looking: 1
--- !u!54 &1880169712607232676
Rigidbody:
  m_ObjectHideFlags: 0
  m_CorrespondingSourceObject: {fileID: 0}
  m_PrefabInstance: {fileID: 0}
  m_PrefabAsset: {fileID: 0}
  m_GameObject: {fileID: 6394914530853090471}
  serializedVersion: 2
  m_Mass: 100
  m_Drag: 0
  m_AngularDrag: 0.05
  m_UseGravity: 1
  m_IsKinematic: 0
  m_Interpolate: 0
  m_Constraints: 112
  m_CollisionDetection: 0
--- !u!136 &897261305262710727
CapsuleCollider:
  m_ObjectHideFlags: 0
  m_CorrespondingSourceObject: {fileID: 0}
  m_PrefabInstance: {fileID: 0}
  m_PrefabAsset: {fileID: 0}
  m_GameObject: {fileID: 6394914530853090471}
  m_Material: {fileID: 0}
  m_IsTrigger: 0
  m_Enabled: 1
  m_Radius: 0.4
  m_Height: 2.7
  m_Direction: 1
  m_Center: {x: 0, y: 1.34, z: 0}
--- !u!114 &7128776728599297673
MonoBehaviour:
  m_ObjectHideFlags: 0
  m_CorrespondingSourceObject: {fileID: 0}
  m_PrefabInstance: {fileID: 0}
  m_PrefabAsset: {fileID: 0}
  m_GameObject: {fileID: 6394914530853090471}
  m_Enabled: 1
  m_EditorHideFlags: 0
  m_Script: {fileID: 11500000, guid: 0149b5ab8f608c943b260125ac76d875, type: 3}
  m_Name: 
  m_EditorClassIdentifier: 
  maxHitPoints: 0
  invulnerabiltyTime: 0
  hitAngle: 360
  hitForwardRotation: 360
  OnDeath:
    m_PersistentCalls:
      m_Calls: []
    m_TypeName: UnityEngine.Events.UnityEvent, UnityEngine.CoreModule, Version=0.0.0.0,
      Culture=neutral, PublicKeyToken=null
  OnReceiveDamage:
    m_PersistentCalls:
      m_Calls:
      - m_Target: {fileID: 30987515099425742}
        m_MethodName: SetTrigger
        m_Mode: 5
        m_Arguments:
          m_ObjectArgument: {fileID: 0}
          m_ObjectArgumentAssemblyTypeName: UnityEngine.Object, UnityEngine
          m_IntArgument: 0
          m_FloatArgument: 0
          m_StringArgument: hit
          m_BoolArgument: 0
        m_CallState: 2
    m_TypeName: UnityEngine.Events.UnityEvent, UnityEngine.CoreModule, Version=0.0.0.0,
      Culture=neutral, PublicKeyToken=null
  OnHitWhileInvulnerable:
    m_PersistentCalls:
      m_Calls: []
    m_TypeName: UnityEngine.Events.UnityEvent, UnityEngine.CoreModule, Version=0.0.0.0,
      Culture=neutral, PublicKeyToken=null
  OnBecomeVulnerable:
    m_PersistentCalls:
      m_Calls: []
    m_TypeName: UnityEngine.Events.UnityEvent, UnityEngine.CoreModule, Version=0.0.0.0,
      Culture=neutral, PublicKeyToken=null
  OnResetDamage:
    m_PersistentCalls:
      m_Calls: []
    m_TypeName: UnityEngine.Events.UnityEvent, UnityEngine.CoreModule, Version=0.0.0.0,
      Culture=neutral, PublicKeyToken=null
  hitSounds:
  - {fileID: 8300000, guid: a5c5fd5d0f80db74291f0988d0fab625, type: 3}
  - {fileID: 8300000, guid: 1e96838a504f54048a97e6325ed9cbd7, type: 3}
--- !u!114 &-3659546562063990356
MonoBehaviour:
  m_ObjectHideFlags: 0
  m_CorrespondingSourceObject: {fileID: 0}
  m_PrefabInstance: {fileID: 0}
  m_PrefabAsset: {fileID: 0}
  m_GameObject: {fileID: 6394914530853090471}
  m_Enabled: 1
  m_EditorHideFlags: 0
  m_Script: {fileID: 11500000, guid: 9972d54e56ecd8943934752f4ff982e7, type: 3}
  m_Name: 
  m_EditorClassIdentifier: 
  ragdollPrefab: {fileID: 8482973972924055474, guid: 1b290f9bb92dc3a4ab87c1dfc6f3b807,
    type: 3}
--- !u!82 &5346810362364279680
AudioSource:
  m_ObjectHideFlags: 0
  m_CorrespondingSourceObject: {fileID: 0}
  m_PrefabInstance: {fileID: 0}
  m_PrefabAsset: {fileID: 0}
  m_GameObject: {fileID: 6394914530853090471}
  m_Enabled: 1
  serializedVersion: 4
  OutputAudioMixerGroup: {fileID: 0}
  m_audioClip: {fileID: 0}
  m_PlayOnAwake: 0
  m_Volume: 1
  m_Pitch: 1
  Loop: 0
  Mute: 0
  Spatialize: 0
  SpatializePostEffects: 0
  Priority: 128
  DopplerLevel: 1
  MinDistance: 0.5
  MaxDistance: 20
  Pan2D: 0
  rolloffMode: 2
  BypassEffects: 0
  BypassListenerEffects: 0
  BypassReverbZones: 0
  rolloffCustomCurve:
    serializedVersion: 2
    m_Curve:
    - serializedVersion: 3
      time: 0.025
      value: 1
      inSlope: 0
      outSlope: 0
      tangentMode: 0
      weightedMode: 0
      inWeight: 0
      outWeight: 0
    - serializedVersion: 3
      time: 0.30352816
      value: 0.2698118
      inSlope: -1.5197167
      outSlope: -1.5197167
      tangentMode: 0
      weightedMode: 0
      inWeight: 0.25202057
      outWeight: 0.16325112
    - serializedVersion: 3
      time: 1
      value: 0
      inSlope: -0.25997812
      outSlope: -0.25997812
      tangentMode: 0
      weightedMode: 0
      inWeight: 0.16272496
      outWeight: 0
    m_PreInfinity: 2
    m_PostInfinity: 2
    m_RotationOrder: 4
  panLevelCustomCurve:
    serializedVersion: 2
    m_Curve:
    - serializedVersion: 3
      time: 0
      value: 1
      inSlope: 0
      outSlope: 0
      tangentMode: 0
      weightedMode: 0
      inWeight: 0.33333334
      outWeight: 0.33333334
    m_PreInfinity: 2
    m_PostInfinity: 2
    m_RotationOrder: 4
  spreadCustomCurve:
    serializedVersion: 2
    m_Curve:
    - serializedVersion: 3
      time: 0
      value: 0
      inSlope: 0
      outSlope: 0
      tangentMode: 0
      weightedMode: 0
      inWeight: 0.33333334
      outWeight: 0.33333334
    m_PreInfinity: 2
    m_PostInfinity: 2
    m_RotationOrder: 4
  reverbZoneMixCustomCurve:
    serializedVersion: 2
    m_Curve:
    - serializedVersion: 3
      time: 0
      value: 1
      inSlope: 0
      outSlope: 0
      tangentMode: 0
      weightedMode: 0
      inWeight: 0.33333334
      outWeight: 0.33333334
    m_PreInfinity: 2
    m_PostInfinity: 2
    m_RotationOrder: 4
--- !u!1 &6600868311015903448
GameObject:
  m_ObjectHideFlags: 0
  m_CorrespondingSourceObject: {fileID: 0}
  m_PrefabInstance: {fileID: 0}
  m_PrefabAsset: {fileID: 0}
  serializedVersion: 6
  m_Component:
  - component: {fileID: 7097821519572415156}
  m_Layer: 0
  m_Name: head_1
  m_TagString: Untagged
  m_Icon: {fileID: 0}
  m_NavMeshLayer: 0
  m_StaticEditorFlags: 0
  m_IsActive: 1
--- !u!4 &7097821519572415156
Transform:
  m_ObjectHideFlags: 0
  m_CorrespondingSourceObject: {fileID: 0}
  m_PrefabInstance: {fileID: 0}
  m_PrefabAsset: {fileID: 0}
  m_GameObject: {fileID: 6600868311015903448}
  m_LocalRotation: {x: 2.220446e-16, y: 1.092149e-16, z: 1.3441685e-24, w: 1}
  m_LocalPosition: {x: 2.0721829e-17, y: -0.10827591, z: 0.21726093}
  m_LocalScale: {x: 1, y: 1, z: 1}
  m_Children:
  - {fileID: 3490689667581689041}
  - {fileID: 6091275594413314300}
  - {fileID: 761283788190480159}
  m_Father: {fileID: 1380385882228509}
  m_RootOrder: 0
  m_LocalEulerAnglesHint: {x: 0, y: 0, z: 0}
--- !u!1 &6770276425964934557
GameObject:
  m_ObjectHideFlags: 0
  m_CorrespondingSourceObject: {fileID: 0}
  m_PrefabInstance: {fileID: 0}
  m_PrefabAsset: {fileID: 0}
  serializedVersion: 6
  m_Component:
  - component: {fileID: 5128505432390691424}
  m_Layer: 0
  m_Name: calf_l
  m_TagString: Untagged
  m_Icon: {fileID: 0}
  m_NavMeshLayer: 0
  m_StaticEditorFlags: 0
  m_IsActive: 1
--- !u!4 &5128505432390691424
Transform:
  m_ObjectHideFlags: 0
  m_CorrespondingSourceObject: {fileID: 0}
  m_PrefabInstance: {fileID: 0}
  m_PrefabAsset: {fileID: 0}
  m_GameObject: {fileID: 6770276425964934557}
  m_LocalRotation: {x: 0.48886424, y: -0.22868884, z: 0.0810999, w: 0.83793557}
  m_LocalPosition: {x: -0.0000000016268678, y: 0.55483985, z: -6.3504557e-10}
  m_LocalScale: {x: 1, y: 1, z: 1}
  m_Children:
  - {fileID: 4364584508994454538}
  m_Father: {fileID: 8989910772641909770}
  m_RootOrder: 0
  m_LocalEulerAnglesHint: {x: 0, y: 0, z: 0}
--- !u!1 &6956402196621208809
GameObject:
  m_ObjectHideFlags: 0
  m_CorrespondingSourceObject: {fileID: 0}
  m_PrefabInstance: {fileID: 0}
  m_PrefabAsset: {fileID: 0}
  serializedVersion: 6
  m_Component:
  - component: {fileID: 7539089818361721391}
  m_Layer: 0
  m_Name: lowerarm_r
  m_TagString: Untagged
  m_Icon: {fileID: 0}
  m_NavMeshLayer: 0
  m_StaticEditorFlags: 0
  m_IsActive: 1
--- !u!4 &7539089818361721391
Transform:
  m_ObjectHideFlags: 0
  m_CorrespondingSourceObject: {fileID: 0}
  m_PrefabInstance: {fileID: 0}
  m_PrefabAsset: {fileID: 0}
  m_GameObject: {fileID: 6956402196621208809}
  m_LocalRotation: {x: 0.571734, y: -0.02714438, z: -0.062064316, w: 0.81763774}
  m_LocalPosition: {x: -0.0000000037249426, y: 0.3985639, z: 3.7851958e-10}
  m_LocalScale: {x: 1, y: 1, z: 1}
  m_Children:
  - {fileID: 2506096658033239298}
  m_Father: {fileID: 769182934235567546}
  m_RootOrder: 0
  m_LocalEulerAnglesHint: {x: 0, y: 0, z: 0}
--- !u!1 &7053878393669490765
GameObject:
  m_ObjectHideFlags: 0
  m_CorrespondingSourceObject: {fileID: 0}
  m_PrefabInstance: {fileID: 0}
  m_PrefabAsset: {fileID: 0}
  serializedVersion: 6
  m_Component:
  - component: {fileID: 9093642665565680343}
  m_Layer: 0
  m_Name: ring_03_r
  m_TagString: Untagged
  m_Icon: {fileID: 0}
  m_NavMeshLayer: 0
  m_StaticEditorFlags: 0
  m_IsActive: 1
--- !u!4 &9093642665565680343
Transform:
  m_ObjectHideFlags: 0
  m_CorrespondingSourceObject: {fileID: 0}
  m_PrefabInstance: {fileID: 0}
  m_PrefabAsset: {fileID: 0}
  m_GameObject: {fileID: 7053878393669490765}
  m_LocalRotation: {x: 0.06955677, y: 0.00004155018, z: -0.024367426, w: 0.99728036}
  m_LocalPosition: {x: 0.000000025582995, y: 0.0530128, z: 0.000000024033579}
  m_LocalScale: {x: 1, y: 1, z: 1}
  m_Children: []
  m_Father: {fileID: 3661039971601499235}
  m_RootOrder: 0
  m_LocalEulerAnglesHint: {x: 0, y: 0, z: 0}
--- !u!1 &7242400594478105559
GameObject:
  m_ObjectHideFlags: 0
  m_CorrespondingSourceObject: {fileID: 0}
  m_PrefabInstance: {fileID: 0}
  m_PrefabAsset: {fileID: 0}
  serializedVersion: 6
  m_Component:
  - component: {fileID: 1730791418986500588}
  m_Layer: 0
  m_Name: middle_03_l
  m_TagString: Untagged
  m_Icon: {fileID: 0}
  m_NavMeshLayer: 0
  m_StaticEditorFlags: 0
  m_IsActive: 1
--- !u!4 &1730791418986500588
Transform:
  m_ObjectHideFlags: 0
  m_CorrespondingSourceObject: {fileID: 0}
  m_PrefabInstance: {fileID: 0}
  m_PrefabAsset: {fileID: 0}
  m_GameObject: {fileID: 7242400594478105559}
  m_LocalRotation: {x: 0.041737694, y: -0.0000011805759, z: 0.008699934, w: 0.99909073}
  m_LocalPosition: {x: -0.000000021740824, y: 0.04842393, z: 0.000000017740696}
  m_LocalScale: {x: 1, y: 1, z: 1}
  m_Children: []
  m_Father: {fileID: 1412801393176248292}
  m_RootOrder: 0
  m_LocalEulerAnglesHint: {x: 0, y: 0, z: 0}
--- !u!1 &7264009797096630697
GameObject:
  m_ObjectHideFlags: 0
  m_CorrespondingSourceObject: {fileID: 0}
  m_PrefabInstance: {fileID: 0}
  m_PrefabAsset: {fileID: 0}
  serializedVersion: 6
  m_Component:
  - component: {fileID: 5841847611677825516}
  m_Layer: 0
  m_Name: pinky_03_r
  m_TagString: Untagged
  m_Icon: {fileID: 0}
  m_NavMeshLayer: 0
  m_StaticEditorFlags: 0
  m_IsActive: 1
--- !u!4 &5841847611677825516
Transform:
  m_ObjectHideFlags: 0
  m_CorrespondingSourceObject: {fileID: 0}
  m_PrefabInstance: {fileID: 0}
  m_PrefabAsset: {fileID: 0}
  m_GameObject: {fileID: 7264009797096630697}
  m_LocalRotation: {x: 0.010074641, y: -0.000029892188, z: -0.019874683, w: 0.99975175}
  m_LocalPosition: {x: 0.000000018055768, y: 0.027941937, z: 0.0000000085449345}
  m_LocalScale: {x: 1, y: 1, z: 1}
  m_Children: []
  m_Father: {fileID: 6270456025492580292}
  m_RootOrder: 0
  m_LocalEulerAnglesHint: {x: 0, y: 0, z: 0}
--- !u!1 &7589919287603226589
GameObject:
  m_ObjectHideFlags: 0
  m_CorrespondingSourceObject: {fileID: 0}
  m_PrefabInstance: {fileID: 0}
  m_PrefabAsset: {fileID: 0}
  serializedVersion: 6
  m_Component:
  - component: {fileID: 3224280595718429475}
  m_Layer: 0
  m_Name: clavicle_l
  m_TagString: Untagged
  m_Icon: {fileID: 0}
  m_NavMeshLayer: 0
  m_StaticEditorFlags: 0
  m_IsActive: 1
--- !u!4 &3224280595718429475
Transform:
  m_ObjectHideFlags: 0
  m_CorrespondingSourceObject: {fileID: 0}
  m_PrefabInstance: {fileID: 0}
  m_PrefabAsset: {fileID: 0}
  m_GameObject: {fileID: 7589919287603226589}
  m_LocalRotation: {x: -0.015144494, y: -0.044486634, z: 0.7465882, w: 0.6636247}
  m_LocalPosition: {x: -0.0374859, y: 0.35530263, z: 0.083175085}
  m_LocalScale: {x: 1, y: 1, z: 1}
  m_Children:
  - {fileID: 1534097722031010882}
  m_Father: {fileID: 8720973062133979567}
  m_RootOrder: 0
  m_LocalEulerAnglesHint: {x: 0, y: 0, z: 0}
--- !u!1 &7752188188314733453
GameObject:
  m_ObjectHideFlags: 0
  m_CorrespondingSourceObject: {fileID: 0}
  m_PrefabInstance: {fileID: 0}
  m_PrefabAsset: {fileID: 0}
  serializedVersion: 6
  m_Component:
  - component: {fileID: 3490689667581689041}
  m_Layer: 0
  m_Name: eyes
  m_TagString: Untagged
  m_Icon: {fileID: 0}
  m_NavMeshLayer: 0
  m_StaticEditorFlags: 0
  m_IsActive: 1
--- !u!4 &3490689667581689041
Transform:
  m_ObjectHideFlags: 0
  m_CorrespondingSourceObject: {fileID: 0}
  m_PrefabInstance: {fileID: 0}
  m_PrefabAsset: {fileID: 0}
  m_GameObject: {fileID: 7752188188314733453}
  m_LocalRotation: {x: -2.7755576e-17, y: 1.09214906e-16, z: -2.0679515e-25, w: 1}
  m_LocalPosition: {x: 1.1912885e-10, y: 0.13526739, z: 0.14523001}
  m_LocalScale: {x: 1, y: 1, z: 1}
  m_Children: []
  m_Father: {fileID: 7097821519572415156}
  m_RootOrder: 0
  m_LocalEulerAnglesHint: {x: 0, y: 0, z: 0}
--- !u!1 &7845568288759330877
GameObject:
  m_ObjectHideFlags: 0
  m_CorrespondingSourceObject: {fileID: 0}
  m_PrefabInstance: {fileID: 0}
  m_PrefabAsset: {fileID: 0}
  serializedVersion: 6
  m_Component:
  - component: {fileID: 4592949941093357079}
  m_Layer: 0
  m_Name: index_01_r
  m_TagString: Untagged
  m_Icon: {fileID: 0}
  m_NavMeshLayer: 0
  m_StaticEditorFlags: 0
  m_IsActive: 1
--- !u!4 &4592949941093357079
Transform:
  m_ObjectHideFlags: 0
  m_CorrespondingSourceObject: {fileID: 0}
  m_PrefabInstance: {fileID: 0}
  m_PrefabAsset: {fileID: 0}
  m_GameObject: {fileID: 7845568288759330877}
  m_LocalRotation: {x: 0.06600909, y: 0.48633766, z: 0.022664448, w: 0.87097925}
  m_LocalPosition: {x: -0.04592251, y: 0.22516046, z: 0.0081818495}
  m_LocalScale: {x: 1, y: 1, z: 1}
  m_Children:
  - {fileID: 490550491116280059}
  m_Father: {fileID: 2506096658033239298}
  m_RootOrder: 0
  m_LocalEulerAnglesHint: {x: 0, y: 0, z: 0}
--- !u!1 &8089807651731492678
GameObject:
  m_ObjectHideFlags: 0
  m_CorrespondingSourceObject: {fileID: 0}
  m_PrefabInstance: {fileID: 0}
  m_PrefabAsset: {fileID: 0}
  serializedVersion: 6
  m_Component:
  - component: {fileID: 4550900366023337133}
  m_Layer: 0
  m_Name: ring_01_r
  m_TagString: Untagged
  m_Icon: {fileID: 0}
  m_NavMeshLayer: 0
  m_StaticEditorFlags: 0
  m_IsActive: 1
--- !u!4 &4550900366023337133
Transform:
  m_ObjectHideFlags: 0
  m_CorrespondingSourceObject: {fileID: 0}
  m_PrefabInstance: {fileID: 0}
  m_PrefabAsset: {fileID: 0}
  m_GameObject: {fileID: 8089807651731492678}
  m_LocalRotation: {x: -0.001751519, y: 0.36429423, z: -0.2123551, w: 0.90674806}
  m_LocalPosition: {x: 0.023503209, y: 0.19809945, z: -0.06479142}
  m_LocalScale: {x: 1, y: 1, z: 1}
  m_Children:
  - {fileID: 3661039971601499235}
  m_Father: {fileID: 2506096658033239298}
  m_RootOrder: 3
  m_LocalEulerAnglesHint: {x: 0, y: 0, z: 0}
--- !u!1 &8170627835936284943
GameObject:
  m_ObjectHideFlags: 0
  m_CorrespondingSourceObject: {fileID: 0}
  m_PrefabInstance: {fileID: 0}
  m_PrefabAsset: {fileID: 0}
  serializedVersion: 6
  m_Component:
  - component: {fileID: 4364584508994454538}
  m_Layer: 0
  m_Name: foot_l
  m_TagString: Untagged
  m_Icon: {fileID: 0}
  m_NavMeshLayer: 0
  m_StaticEditorFlags: 0
  m_IsActive: 1
--- !u!4 &4364584508994454538
Transform:
  m_ObjectHideFlags: 0
  m_CorrespondingSourceObject: {fileID: 0}
  m_PrefabInstance: {fileID: 0}
  m_PrefabAsset: {fileID: 0}
  m_GameObject: {fileID: 8170627835936284943}
  m_LocalRotation: {x: -0.38132343, y: -0.01057357, z: -0.009778408, w: 0.9243295}
  m_LocalPosition: {x: 0.02871862, y: 0.89575857, z: 0.15312645}
  m_LocalScale: {x: 1, y: 1, z: 1}
  m_Children:
  - {fileID: 2349093425820431390}
  m_Father: {fileID: 5128505432390691424}
  m_RootOrder: 0
  m_LocalEulerAnglesHint: {x: 0, y: 0, z: 0}
--- !u!1 &8379767528404425211
GameObject:
  m_ObjectHideFlags: 0
  m_CorrespondingSourceObject: {fileID: 0}
  m_PrefabInstance: {fileID: 0}
  m_PrefabAsset: {fileID: 0}
  serializedVersion: 6
  m_Component:
  - component: {fileID: 2468374725827856752}
  m_Layer: 0
  m_Name: pinky_03_l
  m_TagString: Untagged
  m_Icon: {fileID: 0}
  m_NavMeshLayer: 0
  m_StaticEditorFlags: 0
  m_IsActive: 1
--- !u!4 &2468374725827856752
Transform:
  m_ObjectHideFlags: 0
  m_CorrespondingSourceObject: {fileID: 0}
  m_PrefabInstance: {fileID: 0}
  m_PrefabAsset: {fileID: 0}
  m_GameObject: {fileID: 8379767528404425211}
  m_LocalRotation: {x: 0.01008268, y: 0.000029928808, z: 0.019870743, w: 0.99975175}
  m_LocalPosition: {x: -0.000000018699538, y: 0.027941937, z: 0.0000000091019805}
  m_LocalScale: {x: 1, y: 1, z: 1}
  m_Children: []
  m_Father: {fileID: 4965946388698595535}
  m_RootOrder: 0
  m_LocalEulerAnglesHint: {x: 0, y: 0, z: 0}
--- !u!1 &8910620081257428365
GameObject:
  m_ObjectHideFlags: 0
  m_CorrespondingSourceObject: {fileID: 0}
  m_PrefabInstance: {fileID: 0}
  m_PrefabAsset: {fileID: 0}
  serializedVersion: 6
  m_Component:
  - component: {fileID: 1885090846078065901}
  m_Layer: 0
  m_Name: index_02_l
  m_TagString: Untagged
  m_Icon: {fileID: 0}
  m_NavMeshLayer: 0
  m_StaticEditorFlags: 0
  m_IsActive: 1
--- !u!4 &1885090846078065901
Transform:
  m_ObjectHideFlags: 0
  m_CorrespondingSourceObject: {fileID: 0}
  m_PrefabInstance: {fileID: 0}
  m_PrefabAsset: {fileID: 0}
  m_GameObject: {fileID: 8910620081257428365}
  m_LocalRotation: {x: 0.10460742, y: -0.002078823, z: -0.009032424, w: 0.9944704}
  m_LocalPosition: {x: -0.0000000462343, y: 0.045275904, z: 0.000000060531406}
  m_LocalScale: {x: 1, y: 1, z: 1}
  m_Children:
  - {fileID: 8386375795221396348}
  m_Father: {fileID: 4706644404087290919}
  m_RootOrder: 0
  m_LocalEulerAnglesHint: {x: 0, y: 0, z: 0}
--- !u!1 &9027099601415531864
GameObject:
  m_ObjectHideFlags: 0
  m_CorrespondingSourceObject: {fileID: 0}
  m_PrefabInstance: {fileID: 0}
  m_PrefabAsset: {fileID: 0}
  serializedVersion: 6
  m_Component:
  - component: {fileID: 2506096658033239298}
  m_Layer: 0
  m_Name: hand_r
  m_TagString: Untagged
  m_Icon: {fileID: 0}
  m_NavMeshLayer: 0
  m_StaticEditorFlags: 0
  m_IsActive: 1
--- !u!4 &2506096658033239298
Transform:
  m_ObjectHideFlags: 0
  m_CorrespondingSourceObject: {fileID: 0}
  m_PrefabInstance: {fileID: 0}
  m_PrefabAsset: {fileID: 0}
  m_GameObject: {fileID: 9027099601415531864}
  m_LocalRotation: {x: 0.10985089, y: 0.4612605, z: -0.07938931, w: 0.8768517}
  m_LocalPosition: {x: 0.000000035834645, y: 0.50577444, z: -0.000000049565482}
  m_LocalScale: {x: 1, y: 1, z: 1}
  m_Children:
  - {fileID: 4592949941093357079}
  - {fileID: 5858592403886278824}
  - {fileID: 8006103400239189651}
  - {fileID: 4550900366023337133}
  - {fileID: 8454268388560638770}
  m_Father: {fileID: 7539089818361721391}
  m_RootOrder: 0
  m_LocalEulerAnglesHint: {x: 0, y: 0, z: 0}
--- !u!1 &9108212878199295160
GameObject:
  m_ObjectHideFlags: 0
  m_CorrespondingSourceObject: {fileID: 0}
  m_PrefabInstance: {fileID: 0}
  m_PrefabAsset: {fileID: 0}
  serializedVersion: 6
  m_Component:
  - component: {fileID: 4456209540400879023}
  m_Layer: 0
  m_Name: ball_r_1
  m_TagString: Untagged
  m_Icon: {fileID: 0}
  m_NavMeshLayer: 0
  m_StaticEditorFlags: 0
  m_IsActive: 1
--- !u!4 &4456209540400879023
Transform:
  m_ObjectHideFlags: 0
  m_CorrespondingSourceObject: {fileID: 0}
  m_PrefabInstance: {fileID: 0}
  m_PrefabAsset: {fileID: 0}
  m_GameObject: {fileID: 9108212878199295160}
  m_LocalRotation: {x: 5.421011e-20, y: -3.3881318e-21, z: -1.3877788e-17, w: 1}
  m_LocalPosition: {x: 0.00658048, y: 0.19877408, z: 0.036896255}
  m_LocalScale: {x: 1, y: 1, z: 1}
  m_Children: []
  m_Father: {fileID: 4611348599382982598}
  m_RootOrder: 0
  m_LocalEulerAnglesHint: {x: 0, y: 0, z: 0}
